Date,Time,Trade Id,Ask,Bid,Price,Size,Volume
10/3/2017,0:00:01,11498308,296.78,296.77,296.78,0.00335942,62556.55928
10/3/2017,0:00:03,11498314,296.8,296.77,296.8,0.00023514,62556.55928
10/3/2017,0:00:05,11498315,296.78,296.77,296.77,0.02,62556.55928
10/3/2017,0:00:09,11498317,296.78,296.77,296.77,0.4252,62556.55928
10/3/2017,0:00:41,11498318,296.78,296.77,296.78,4.64,62571.44752
10/3/2017,0:00:50,11498319,296.78,296.77,296.78,0.00006718,62571.44752
10/3/2017,0:01:03,11498320,296.78,296.77,296.78,0.00003359,62571.44752
10/3/2017,0:33:34,11498876,297.93,297.92,297.93,0.99700897,61772.57734
10/3/2017,0:33:51,11498877,297.93,297.92,297.93,0.5004,61772.57734
10/3/2017,0:34:03,11498878,297.93,297.92,297.93,0.00003346,61707.82736
10/3/2017,0:34:23,11498893,297.82,297.81,297.81,0.02,61707.82736
10/3/2017,0:34:29,11498910,297.8,297.7,297.59,1.47789259,61707.82736
10/3/2017,0:34:32,11498911,297.71,297.7,297.7,4.9977392,61707.82736
10/3/2017,0:34:54,11498917,297.71,297.7,297.71,1.072663,61521.45546
10/3/2017,0:35:02,11498918,297.71,297.7,297.71,0.00003348,61521.45546
10/3/2017,0:35:25,11498919,297.71,297.7,297.71,3.49,61521.45546
10/3/2017,0:35:26,11498920,297.71,297.7,297.71,0.00006697,61521.45546
10/3/2017,0:35:56,11498921,297.71,297.7,297.71,0.1815,61520.31985
10/3/2017,0:36:03,11498922,297.71,297.7,297.71,0.00003348,61520.31985
10/3/2017,0:36:03,11498923,297.71,297.7,297.71,0.00167446,61520.31985
10/3/2017,0:36:39,11498924,297.71,297.7,297.71,1.3876,61511.54094
10/3/2017,0:36:58,11498925,297.71,297.7,297.71,1.03816728,61511.54094
10/3/2017,0:37:02,11498926,297.71,297.7,297.71,0.00003348,61511.54094
10/3/2017,0:37:09,11498927,297.71,297.7,297.71,6.2742,61511.54094
10/3/2017,0:37:37,11498928,297.71,297.7,297.71,0.83723167,61417.51912
10/3/2017,0:37:40,11498929,297.71,297.7,297.71,1.1563,61417.51912
10/3/2017,0:38:03,11498931,297.71,297.7,297.71,0.00003348,61417.51912
10/3/2017,0:38:11,11498934,297.71,297.7,297.71,1.12738063,61390.77248
10/3/2017,0:39:02,11498935,297.71,297.7,297.71,0.00003348,61365.0833
10/3/2017,0:39:12,11498939,297.71,297.7,297.7,0.8799,61365.0833
10/3/2017,0:39:43,11498940,297.71,297.7,297.71,0.1401,61365.0833
10/3/2017,0:40:01,11498941,297.71,297.7,297.71,0.00334892,61319.47416
10/3/2017,0:40:03,11498942,297.71,297.7,297.71,0.00003348,61319.47416
10/3/2017,0:40:13,11498944,297.71,297.7,297.71,1.88739651,61319.47416
10/3/2017,0:40:19,11498945,297.71,297.7,297.71,0.00418615,61319.47416
10/3/2017,0:40:33,11498946,297.71,297.7,297.71,0.00006697,61319.47416
10/3/2017,0:40:45,11498947,297.71,297.7,297.71,0.8067,61038.70882
10/3/2017,0:41:02,11498948,297.71,297.7,297.71,0.00003348,61038.70882
10/3/2017,0:41:16,11498950,297.71,297.7,297.71,4.59188311,61038.70882
10/3/2017,0:41:46,11498951,297.71,297.7,297.71,0.4944,60507.98542
10/3/2017,0:42:03,11498953,297.71,297.7,297.71,0.00003348,60507.98542
10/3/2017,0:42:17,11498957,297.71,297.7,297.7,0.19549077,60220.96277
10/3/2017,0:42:27,11499061,297.48,297.25,296.94,4.72109004,60220.96277
10/3/2017,0:42:32,11499063,297.26,297.25,297.26,0.02353996,60220.96277
10/3/2017,0:42:36,11499064,297.26,297.25,297.25,0.04040295,60220.96277
10/3/2017,0:42:48,11499098,297.25,297.1,296.88,1.67729299,60220.96277
10/3/2017,0:43:02,11499099,297,296.99,297,0.00003356,60220.96277
10/3/2017,0:43:19,11499101,297,296.99,297,0.94763356,60288.43074
10/3/2017,0:43:50,11499102,297,296.99,297,0.50353988,60288.43074
10/3/2017,0:43:51,11499103,297,296.99,297,0.5839,60288.43074
10/3/2017,0:44:02,11499104,297,296.99,297,0.00003356,60181.88405
10/3/2017,0:44:04,11499105,297,296.99,297,0.03626638,60181.88405
10/3/2017,0:44:11,11499108,297,296.99,297,0.02,60181.88405
10/3/2017,0:44:22,11499132,297.21,297.15,297.22,0.01163937,60181.88405
10/3/2017,0:44:54,11499188,297.27,297.21,297.61,4.69494284,60090.40809
10/3/2017,0:44:54,11499189,297.27,297.26,297.25,0.015121,60090.40809
10/3/2017,0:45:02,11499190,297.27,297.26,297.27,0.00023477,60090.40809
10/3/2017,0:45:02,11499191,297.27,297.26,297.27,0.00003353,60090.40809
10/3/2017,0:45:25,11499192,297.27,297.26,297.26,0.02,60090.40809
10/3/2017,0:45:27,11499216,297.62,297.29,297.63,1.45289295,60090.40809
10/3/2017,0:45:33,11499217,297.63,297.62,297.63,0.00006699,60090.40809
10/3/2017,0:45:58,11499231,297.69,297.62,297.7,5.18789999,59394.22526
10/3/2017,0:46:02,11499232,297.63,297.62,297.65,0.00003349,59394.22526
10/3/2017,0:46:04,11499233,297.63,297.62,297.63,0.01413657,59394.22526
10/3/2017,0:46:15,11499234,297.63,297.62,297.63,0.66996537,59394.22526
10/3/2017,0:46:30,11499246,297.69,297.62,297.7,1.33476747,59206.80614
10/3/2017,0:46:34,11499247,297.63,297.62,297.63,0.4078,59206.80614
10/3/2017,0:46:36,11499277,297.78,297.68,297.78,202.4708477,59206.80614
10/3/2017,0:46:38,11499281,297.79,297.7,297.79,0.44063209,59206.80614
10/3/2017,0:47:01,11499299,297.8,297.79,297.8,0.71325309,59206.80614
10/3/2017,0:47:03,11499300,297.8,297.79,297.8,0.00003347,59206.80614
10/3/2017,0:47:33,11499301,297.8,297.79,297.8,0.9625,59576.58154
10/3/2017,0:48:02,11499302,297.8,297.79,297.8,0.00003347,59576.58154
10/3/2017,0:48:04,11499303,297.8,297.79,297.8,0.3767,59173.42768
10/3/2017,0:48:36,11499307,297.8,297.79,297.79,0.2582,59173.42768
10/3/2017,0:49:03,11499308,297.8,297.79,297.8,0.00003347,58938.03518
10/3/2017,0:49:07,11499309,297.8,297.79,297.79,1.7763,58938.03518
10/3/2017,0:49:11,11499310,297.8,297.79,297.79,0.02,58938.03518
10/3/2017,0:49:38,11499311,297.8,297.79,297.8,1.0035,58938.03518
10/3/2017,0:50:01,11499312,297.8,297.79,297.8,0.00334791,58918.65828
10/3/2017,0:50:02,11499313,297.8,297.79,297.8,0.00003347,58918.65828
10/3/2017,0:50:10,11499314,297.8,297.79,297.8,7.8181,58918.65828
10/3/2017,0:50:34,11499315,297.8,297.79,297.8,0.00006695,58918.65828
10/3/2017,0:50:42,11499320,297.8,297.79,297.8,4.47480183,58923.69841
10/3/2017,0:50:43,11499321,297.8,297.79,297.8,0.00418489,58923.69841
10/3/2017,0:51:02,11499322,297.8,297.79,297.8,0.00003347,58923.69841
10/3/2017,0:51:09,11499324,297.8,297.79,297.8,0.51094723,58923.69841
10/3/2017,0:51:13,11499325,297.8,297.79,297.8,1.0855,58923.69841
10/3/2017,0:51:20,11499326,297.8,297.79,297.8,0.92067651,58923.69841
10/3/2017,0:51:45,11499327,297.8,297.79,297.79,2.163,58906.19589
10/3/2017,0:52:02,11499328,297.8,297.79,297.8,0.00003347,58906.19589
10/3/2017,0:52:16,11499329,297.8,297.79,297.8,3.0887,58871.03218
10/3/2017,0:52:48,11499337,297.8,297.79,297.8,0.164831,58871.03218
10/3/2017,0:52:58,11499339,297.8,297.79,297.8,0.64441392,58871.03218
10/3/2017,0:53:02,11499340,297.8,297.79,297.8,0.00003347,58871.03218
10/3/2017,0:53:19,11499341,297.8,297.79,297.8,1.3243,58858.20127
10/3/2017,0:53:51,11499342,297.8,297.79,297.79,5.9041,58858.20127
10/3/2017,0:53:53,11499343,297.8,297.79,297.8,0.66958292,58858.20127
10/3/2017,0:54:03,11499344,297.8,297.79,297.8,0.00003347,58828.32875
10/3/2017,0:54:23,11499345,297.8,297.79,297.79,0.7504,58828.32875
10/3/2017,0:54:55,11499346,297.8,297.79,297.8,0.1333,58808.16936
10/3/2017,0:55:03,11499347,297.8,297.79,297.8,0.00003347,58808.16936
10/3/2017,0:55:25,11499348,297.8,297.79,297.8,0.00006695,58808.16936
10/3/2017,0:55:26,11499350,297.8,297.79,297.8,3.1079642,58808.16936
10/3/2017,0:56:00,11499351,297.8,297.79,297.8,1.2905,58738.49464
10/3/2017,0:56:03,11499352,297.8,297.79,297.8,0.00003347,58738.49464
10/3/2017,0:56:14,11499353,297.8,297.79,297.79,0.95058617,58738.49464
10/3/2017,0:56:31,11499354,297.8,297.79,297.8,4.9112,58349.53175
10/3/2017,0:57:02,11499356,297.8,297.79,297.8,0.00003347,58349.53175
10/3/2017,0:57:32,11499357,297.8,297.79,297.8,1.3636,58323.97381
10/3/2017,0:58:03,11499358,297.8,297.79,297.8,0.00003347,58323.97381
10/3/2017,0:58:04,11499359,297.8,297.79,297.79,3.7918,58252.86165
10/3/2017,0:58:22,11499360,297.8,297.79,297.79,14.93,58252.86165
10/3/2017,0:58:35,11499363,297.8,297.79,297.8,4.93176461,58252.86165
10/3/2017,0:59:02,11499364,297.8,297.79,297.8,0.00003347,58137.41799
10/3/2017,0:59:07,11499365,297.8,297.79,297.8,1.4778,58137.41799
10/3/2017,0:59:09,11499396,297.8,297.44,297.45,0.01,58137.41799
10/3/2017,0:59:09,11499409,297.62,297.61,297.27,0.32671556,58137.41799
10/3/2017,0:59:38,11499411,297.28,297.27,297.28,2.595143,58137.41799
10/3/2017,1:00:00,11499412,297.28,297.27,297.28,0.00335377,58089.31718
10/3/2017,1:00:03,11499414,297.28,297.27,297.28,0.00003353,58089.31718
10/3/2017,1:00:09,11499415,297.28,297.27,297.28,3.9045,58089.31718
10/3/2017,1:00:31,11499418,297.28,297.27,297.28,0.765197,58089.31718
10/3/2017,1:00:41,11499424,297.3,297.29,297.3,2.05299506,58119.68879
10/3/2017,1:00:48,11499425,297.32,297.31,297.32,0.00006706,58119.68879
10/3/2017,1:01:02,11499426,297.32,297.31,297.32,0.00003353,58119.68879
10/3/2017,1:01:10,11499427,297.32,297.31,297.32,0.00419164,58119.68879
10/3/2017,1:01:12,11499452,297.52,297.32,297.52,0.00052736,58119.68879
10/3/2017,1:01:44,11499480,297.68,297.52,297.68,0.35706679,58065.59003
10/3/2017,1:01:45,11499481,297.68,297.67,297.67,0.055396,58065.59003
10/3/2017,1:02:02,11499482,297.68,297.67,297.68,0.00003349,58065.59003
10/3/2017,1:02:15,11499485,297.68,297.67,297.67,0.130096,58065.59003
10/3/2017,1:02:29,11499487,297.68,297.67,297.67,0.80296541,58020.64393
10/3/2017,1:02:47,11499490,297.68,297.67,297.68,1.72099,58020.64393
10/3/2017,1:03:02,11499491,297.68,297.67,297.68,0.00003349,58020.64393
10/3/2017,1:03:19,11499492,297.68,297.67,297.68,4.7196,57976.95539
10/3/2017,1:03:21,11499498,297.61,297.6,297.66,0.29264844,57976.95539
10/3/2017,1:03:36,11499514,297.61,297.41,297.4,2.49308041,57976.95539
10/3/2017,1:03:50,11499537,297.71,297.45,297.71,0.864187,57976.95539
10/3/2017,1:04:03,11499538,297.59,297.58,297.59,0.0000335,57988.799
10/3/2017,1:04:22,11499562,297.73,297.72,297.73,0.27925074,57988.799
10/3/2017,1:04:54,11499564,297.73,297.72,297.73,3.388836,57990.09939
10/3/2017,1:05:02,11499565,297.73,297.72,297.73,0.00003348,57990.09939
10/3/2017,1:05:26,11499566,297.73,297.72,297.73,5.4915,57990.09939
10/3/2017,1:05:28,11499567,297.73,297.72,297.73,0.00006697,57990.09939
10/3/2017,1:05:57,11499568,297.73,297.72,297.73,7.5721,57879.55156
10/3/2017,1:06:02,11499570,297.73,297.72,297.73,0.00167435,57879.55156
10/3/2017,1:06:02,11499571,297.73,297.72,297.73,0.00003348,57879.55156
10/3/2017,1:06:13,11499572,297.73,297.72,297.73,7.50121102,57879.55156
10/3/2017,1:06:29,11499573,297.73,297.72,297.73,6.2441,57839.15023
10/3/2017,1:07:01,11499577,297.73,297.72,297.72,1.1613,57839.15023
10/3/2017,1:07:02,11499578,297.73,297.72,297.73,0.00003348,57839.15023
10/3/2017,1:07:32,11499579,297.73,297.72,297.73,1.1552,57804.84949
10/3/2017,1:07:55,11499580,297.73,297.72,297.73,0.15641785,57804.84949
10/3/2017,1:08:03,11499581,297.73,297.72,297.73,0.00003348,57804.84949
10/3/2017,1:08:04,11499582,297.73,297.72,297.73,1.5111,57804.84949
10/3/2017,1:08:35,11499583,297.73,297.72,297.73,7.4361,57819.77509
10/3/2017,1:09:02,11499584,297.73,297.72,297.73,0.00003348,57765.11499
10/3/2017,1:09:07,11499585,297.73,297.72,297.73,3.3944,57765.11499
10/3/2017,1:09:39,11499587,297.73,297.72,297.73,6.26833348,57765.11499
10/3/2017,1:10:01,11499588,297.73,297.72,297.73,0.0033487,57769.49309
10/3/2017,1:10:03,11499589,297.73,297.72,297.73,0.00003348,57769.49309
10/3/2017,1:10:10,11499594,297.73,297.72,297.73,1.35290845,57769.49309
10/3/2017,1:10:32,11499597,297.74,297.73,297.73,0.63919974,57769.49309
10/3/2017,1:10:33,11499605,297.76,297.75,297.76,1.69560123,57769.49309
10/3/2017,1:10:35,11499607,297.76,297.75,297.76,0.00006696,57769.49309
10/3/2017,1:10:42,11499611,297.76,297.75,297.75,1.7044,57737.54386
10/3/2017,1:10:48,11499619,297.8,297.79,297.8,0.92982401,57737.54386
10/3/2017,1:10:59,11499628,297.82,297.81,297.81,0.015057,57737.54386
10/3/2017,1:11:02,11499629,297.82,297.81,297.82,0.00003347,57737.54386
10/3/2017,1:11:13,11499630,297.82,297.81,297.82,2.7868,57737.54386
10/3/2017,1:11:40,11499631,297.82,297.81,297.82,0.00418461,57729.25844
10/3/2017,1:11:46,11499648,297.87,297.86,297.87,2.4118477,57729.25844
10/3/2017,1:12:03,11499649,297.87,297.86,297.87,0.00003347,57729.25844
10/3/2017,1:12:17,11499653,297.87,297.86,297.86,2.43075638,57728.74787
10/3/2017,1:12:49,11499654,297.87,297.86,297.87,0.543,57728.74787
10/3/2017,1:13:02,11499655,297.87,297.86,297.87,0.00003347,57728.74787
10/3/2017,1:13:21,11499656,297.87,297.86,297.87,0.0651,57658.19827
10/3/2017,1:13:52,11499658,297.87,297.86,297.87,8.27191464,57658.19827
10/3/2017,1:14:03,11499659,297.87,297.86,297.87,0.00003347,57654.34066
10/3/2017,1:14:23,11499660,297.87,297.86,297.87,3.3352,57654.34066
10/3/2017,1:14:55,11499662,297.87,297.86,297.86,5.6868,57600.92902
10/3/2017,1:15:03,11499664,297.87,297.86,297.87,0.00023429,57600.92902
10/3/2017,1:15:26,11499665,297.87,297.86,297.87,17.7439,57600.92902
10/3/2017,1:15:34,11499666,297.87,297.86,297.87,0.00006694,57576.59762
10/3/2017,1:15:58,11499667,297.87,297.86,297.87,4.04,57576.59762
10/3/2017,1:16:03,11499668,297.87,297.86,297.87,0.00003347,57576.59762
10/3/2017,1:16:29,11499669,297.87,297.86,297.87,3.8623,57541.06792
10/3/2017,1:17:01,11499670,297.87,297.86,297.87,1.833,57541.06792
10/3/2017,1:17:02,11499671,297.87,297.86,297.87,0.00003347,57541.06792
10/3/2017,1:17:34,11499672,297.87,297.86,297.87,0.3546,57500.31078
10/3/2017,1:18:02,11499673,297.87,297.86,297.87,0.00003347,57500.31078
10/3/2017,1:18:05,11499674,297.87,297.86,297.87,3.3889,57431.40371
10/3/2017,1:18:37,11499675,297.87,297.86,297.86,1.6495,57431.40371
10/3/2017,1:18:54,11499679,297.87,297.86,297.87,1.86166677,57431.40371
10/3/2017,1:19:03,11499682,297.87,297.86,297.87,0.20882809,57410.08722
10/3/2017,1:19:08,11499683,297.87,297.86,297.86,0.27,57410.08722
10/3/2017,1:19:39,11499687,297.87,297.86,297.87,0.02715581,57410.08722
10/3/2017,1:19:52,11499701,297.9,297.89,297.9,27.83652391,57417.86927
10/3/2017,1:20:01,11499702,297.9,297.89,297.9,0.00334679,57417.86927
10/3/2017,1:20:02,11499703,297.9,297.89,297.9,0.00003346,57417.86927
10/3/2017,1:20:10,11499704,297.9,297.89,297.9,0.0518,57417.86927
10/3/2017,1:20:23,11499705,297.9,297.89,297.9,0.00143912,57417.86927
10/3/2017,1:20:35,11499706,297.9,297.89,297.9,0.00006693,57471.0695
10/3/2017,1:20:42,11499707,297.9,297.89,297.9,8.3103,57471.0695
10/3/2017,1:21:02,11499708,297.9,297.89,297.9,0.00003346,57471.0695
10/3/2017,1:21:10,11499709,297.9,297.89,297.89,0.00003356,57471.0695
10/3/2017,1:21:13,11499710,297.9,297.89,297.9,3.0061,57471.0695
10/3/2017,1:21:38,11499739,297.96,297.95,297.96,3.87736799,57476.804
10/3/2017,1:21:46,11499740,297.96,297.95,297.96,1.1465,57476.804
10/3/2017,1:22:02,11499741,297.96,297.95,297.96,0.00003346,57476.804
10/3/2017,1:22:12,11499742,297.96,297.95,297.96,0.00418264,57476.804
10/3/2017,1:22:17,11499743,297.96,297.95,297.96,10.2179,57576.67622
10/3/2017,1:22:25,11499744,297.96,297.95,297.95,0.674,57576.67622
10/3/2017,1:22:48,11499745,297.96,297.95,297.96,15.034,57576.67622
10/3/2017,1:23:03,11499746,297.96,297.95,297.96,0.00003346,57576.67622
10/3/2017,1:23:20,11499750,297.96,297.95,297.95,2.0642,57577.61151
10/3/2017,1:23:22,11499751,297.96,297.95,297.96,1.00383505,57577.61151
10/3/2017,1:23:54,11499752,297.96,297.95,297.96,1.5743,57577.61151
10/3/2017,1:24:02,11499753,297.96,297.95,297.96,0.00003346,57583.24214
10/3/2017,1:24:18,11499756,297.96,297.95,297.96,6.97405425,57583.24214
10/3/2017,1:24:24,11499757,297.96,297.95,297.96,0.2679,57583.24214
10/3/2017,1:24:56,11499758,297.96,297.95,297.95,37.7062,57583.80535
10/3/2017,1:25:03,11499759,297.96,297.95,297.96,0.00003346,57583.80535
10/3/2017,1:25:18,11499760,297.96,297.95,297.95,0.00003356,57583.80535
10/3/2017,1:25:26,11499761,297.96,297.95,297.96,0.00006692,57583.80535
10/3/2017,1:25:27,11499767,297.96,297.95,297.97,4.32953938,57583.80535
10/3/2017,1:25:56,11499770,297.97,297.96,297.96,0.01,57551.83811
10/3/2017,1:25:59,11499773,297.97,297.96,297.97,9.05753938,57551.83811
10/3/2017,1:26:02,11499774,297.97,297.96,297.97,0.00003346,57551.83811
10/3/2017,1:26:28,11499775,297.97,297.96,297.97,0.00692622,57533.97818
10/3/2017,1:26:31,11499776,297.97,297.96,297.97,3.4209,57533.97818
10/3/2017,1:26:50,11499777,297.97,297.96,297.97,0.01003801,57533.97818
10/3/2017,1:27:02,11499778,297.97,297.96,297.96,0.3171,57533.97818
10/3/2017,1:27:02,11499779,297.97,297.96,297.97,0.00003346,57533.97818
10/3/2017,1:27:33,11499780,297.97,297.96,297.97,11.4597,57557.16611
10/3/2017,1:28:02,11499781,297.97,297.96,297.97,0.00003346,57557.16611
10/3/2017,1:28:05,11499785,297.97,297.96,297.97,0.3332111,57446.16681
10/3/2017,1:28:18,11499825,297.64,297.63,297.63,5.67481585,57446.16681
10/3/2017,1:28:37,11499850,297.88,297.8,297.91,33.69291057,57446.16681
10/3/2017,1:29:02,11499851,297.86,297.85,297.86,0.00003347,57592.18913
10/3/2017,1:29:08,11499854,297.87,297.85,297.87,0.00665337,57592.18913
10/3/2017,1:29:25,11499855,297.87,297.85,297.87,0.00301241,57592.18913
10/3/2017,1:29:39,11499869,297.96,297.85,297.96,0.11743741,57592.18913
10/3/2017,1:30:00,11499870,297.91,297.9,297.91,0.00334667,57621.11935
10/3/2017,1:30:03,11499872,297.91,297.9,297.91,0.00023426,57621.11935
10/3/2017,1:30:05,11499875,297.9,297.86,297.9,1,57621.11935
10/3/2017,1:30:11,11499897,297.89,297.73,297.63,3.627,57621.11935
10/3/2017,1:30:12,11499898,297.74,297.73,297.74,0.02215732,57621.11935
10/3/2017,1:30:40,11499902,297.74,297.73,297.73,7.68,57189.40329
10/3/2017,1:30:42,11499927,297.87,297.75,297.88,0.79783412,57189.40329
10/3/2017,1:30:48,11499928,297.87,297.86,297.87,0.00006694,57189.40329
10/3/2017,1:31:02,11499929,297.87,297.86,297.87,0.00003347,57189.40329
10/3/2017,1:31:14,11499954,297.96,297.86,297.97,4.33519641,57189.40329
10/3/2017,1:31:46,11499958,297.91,297.9,297.9,0.0606,57182.417
10/3/2017,1:32:02,11499959,297.91,297.9,297.91,0.00003346,57182.417
10/3/2017,1:32:07,11499962,297.87,297.86,297.9,182.3706,57182.417
10/3/2017,1:32:11,11499963,297.9,297.86,297.88,0.00438459,57182.417
10/3/2017,1:32:17,11499965,297.9,297.85,297.85,1.7779,57183.80533
10/3/2017,1:32:48,11499969,297.9,297.89,297.9,0.01572148,57183.80533
10/3/2017,1:33:03,11499970,297.9,297.89,297.9,0.00003346,57183.80533
10/3/2017,1:33:17,11499971,297.9,297.89,297.9,0.00438429,57170.06677
10/3/2017,1:33:20,11499974,297.9,297.89,297.9,4.6118922,57170.06677
10/3/2017,1:33:52,11499975,297.9,297.89,297.9,1.8443,57170.06677
10/3/2017,1:34:02,11499976,297.9,297.89,297.9,0.00003346,57372.42516
10/3/2017,1:34:09,11499994,297.98,297.97,297.98,0.02,57372.42516
10/3/2017,1:34:16,11499995,297.98,297.97,297.98,1.30202051,57372.42516
10/3/2017,1:34:24,11499998,297.98,297.97,297.98,2.71659683,57372.42516
10/3/2017,1:34:37,11499999,297.98,297.97,297.98,0.16729461,57372.42516
10/3/2017,1:34:41,11500001,297.98,297.97,297.97,1.3139,57372.42516
10/3/2017,1:34:55,11500008,297.98,297.97,297.97,0.01,57403.64894
10/3/2017,1:34:57,11500012,297.95,297.9,297.95,2.253119,57403.64894
10/3/2017,1:35:00,11500040,297.78,297.65,297.65,7.382328,57403.64894
10/3/2017,1:35:02,11500041,297.73,297.66,297.76,0.00003348,57403.64894
10/3/2017,1:35:03,11500043,297.67,297.65,297.65,8.32978,57403.64894
10/3/2017,1:35:21,11500049,297.64,297.6,297.6,6.14496759,57403.64894
10/3/2017,1:35:27,11500050,297.61,297.6,297.61,0.3427,57403.64894
10/3/2017,1:35:28,11500051,297.61,297.6,297.61,0.000067,57403.64894
10/3/2017,1:35:36,11500052,297.61,297.6,297.61,0.00257954,57424.23886
10/3/2017,1:35:59,11500053,297.61,297.6,297.61,0.5326,57424.23886
10/3/2017,1:36:02,11500055,297.61,297.6,297.61,0.0000335,57424.23886
10/3/2017,1:36:07,11500056,297.61,297.6,297.61,5.02507798,57424.23886
10/3/2017,1:36:15,11500057,297.61,297.6,297.6,0.55949102,57424.23886
10/3/2017,1:36:21,11500059,297.61,297.6,297.6,0.03417,57424.23886
10/3/2017,1:36:22,11500060,297.61,297.6,297.61,8.44099199,57424.23886
10/3/2017,1:36:30,11500062,297.61,297.6,297.61,10.05015597,57407.28218
10/3/2017,1:37:03,11500064,297.61,297.6,297.61,0.0000335,57407.28218
10/3/2017,1:37:33,11500065,297.61,297.6,297.61,22.1353,57431.36983
10/3/2017,1:38:02,11500066,297.61,297.6,297.61,0.0000335,57431.36983
10/3/2017,1:38:04,11500067,297.61,297.6,297.61,3.3989,57431.36983
10/3/2017,1:38:09,11500068,297.61,297.6,297.6,0.09456,57400.05254
10/3/2017,1:38:36,11500069,297.61,297.6,297.61,1.0106,57400.05254
10/3/2017,1:38:56,11500070,297.61,297.6,297.61,0.42636111,57333.31669
10/3/2017,1:39:03,11500071,297.61,297.6,297.61,0.0000335,57333.31669
10/3/2017,1:39:07,11500072,297.61,297.6,297.61,10.8633,57333.31669
10/3/2017,1:39:09,11500073,297.61,297.6,297.6,0.347802,57333.31669
10/3/2017,1:39:15,11500074,297.61,297.6,297.6,5.03198,57333.31669
10/3/2017,1:39:34,11500075,297.61,297.6,297.61,6.70010398,57333.31669
10/3/2017,1:39:39,11500076,297.61,297.6,297.61,0.7022,57333.31669
10/3/2017,1:40:01,11500077,297.61,297.6,297.61,0.00335005,57346.58483
10/3/2017,1:40:02,11500078,297.61,297.6,297.61,0.0000335,57346.58483
10/3/2017,1:40:11,11500079,297.61,297.6,297.6,0.0293,57346.58483
10/3/2017,1:40:34,11500080,297.61,297.6,297.61,0.000067,57346.58483
10/3/2017,1:40:42,11500081,297.61,297.6,297.61,2.1942,57345.75872
10/3/2017,1:41:03,11500082,297.61,297.6,297.61,0.0000335,57345.75872
10/3/2017,1:41:15,11500083,297.61,297.6,297.6,0.4737,57345.75872
10/3/2017,1:41:47,11500084,297.61,297.6,297.6,0.5696,57346.56883
10/3/2017,1:42:01,11500085,297.61,297.6,297.6,3.37359,57346.56883
10/3/2017,1:42:02,11500086,297.61,297.6,297.61,0.0000335,57346.56883
10/3/2017,1:42:18,11500087,297.61,297.6,297.61,0.8468,57343.29343
10/3/2017,1:42:37,11500088,297.61,297.6,297.6,0.100672,57343.29343
10/3/2017,1:42:49,11500089,297.61,297.6,297.6,3.1709,57343.29343
10/3/2017,1:43:03,11500090,297.61,297.6,297.61,0.0000335,57343.29343
10/3/2017,1:43:04,11500091,297.61,297.6,297.6,0.082949,57343.29343
10/3/2017,1:43:06,11500094,297.61,297.6,297.61,10.19886021,57235.05517
10/3/2017,1:43:21,11500098,297.61,297.6,297.61,0.90728021,57235.05517
10/3/2017,1:43:27,11500099,297.61,297.6,297.61,0.00418756,57235.05517
10/3/2017,1:43:36,11500100,297.61,297.6,297.6,0.750953,57235.05517
10/3/2017,1:43:52,11500101,297.61,297.6,297.61,0.3343,57235.05517
10/3/2017,1:44:02,11500102,297.61,297.6,297.61,0.0000335,57250.4639
10/3/2017,1:44:02,11500103,297.61,297.6,297.6,1.083853,57250.4639
10/3/2017,1:44:10,11500104,297.61,297.6,297.61,0.01005015,57250.4639
10/3/2017,1:44:55,11500105,297.61,297.6,297.61,0.9094,57060.71905
10/3/2017,1:45:02,11500106,297.61,297.6,297.61,0.0002345,57060.71905
10/3/2017,1:45:03,11500107,297.61,297.6,297.61,0.0000335,57060.71905
10/3/2017,1:45:27,11500108,297.61,297.6,297.6,1.1769,57060.71905
10/3/2017,1:45:32,11500109,297.61,297.6,297.61,0.000067,57060.71905
10/3/2017,1:45:54,11500112,297.61,297.6,297.61,0.29539952,57055.15049
10/3/2017,1:45:58,11500113,297.61,297.6,297.6,9.3183,57055.15049
10/3/2017,1:46:03,11500114,297.61,297.6,297.61,0.0000335,57055.15049
10/3/2017,1:46:15,11500117,297.61,297.6,297.61,0.22277465,57055.15049
10/3/2017,1:46:30,11500121,297.61,297.6,297.61,0.26366733,57063.02036
10/3/2017,1:47:01,11500122,297.61,297.6,297.61,3.1169,57063.02036
10/3/2017,1:47:02,11500123,297.61,297.6,297.61,0.0000335,57063.02036
10/3/2017,1:47:33,11500124,297.61,297.6,297.61,6.1407,57064.38197
10/3/2017,1:48:02,11500125,297.61,297.6,297.61,0.0000335,57064.38197
10/3/2017,1:48:04,11500155,297.81,297.73,297.81,1.78969769,57064.38197
10/3/2017,1:48:36,11500156,297.81,297.8,297.8,2.8044,57069.51937
10/3/2017,1:49:03,11500157,297.81,297.8,297.81,0.00003347,57062.89155
10/3/2017,1:49:07,11500190,297.98,297.88,297.98,10.02070046,57062.89155
10/3/2017,1:49:27,11500192,297.98,297.9,297.98,0.57936172,57062.89155
10/3/2017,1:49:39,11500193,297.98,297.97,297.97,2.7287,57062.89155
10/3/2017,1:49:57,11500194,297.98,297.97,297.97,0.01,57075.63843
10/3/2017,1:50:01,11500195,297.98,297.97,297.98,0.00334589,57075.63843
10/3/2017,1:50:03,11500196,297.98,297.97,297.98,0.00003345,57075.63843
10/3/2017,1:50:10,11500200,297.98,297.97,297.98,2.8050848,57075.63843
10/3/2017,1:50:35,11500201,297.98,297.97,297.98,0.00006691,57065.75861
10/3/2017,1:50:42,11500202,297.98,297.97,297.98,1.7514,57065.75861
10/3/2017,1:50:52,11500203,297.98,297.97,297.97,0.01,57065.75861
10/3/2017,1:51:02,11500204,297.98,297.97,297.98,0.26767138,57065.75861
10/3/2017,1:51:02,11500205,297.98,297.97,297.98,0.00003345,57065.75861
10/3/2017,1:51:13,11500206,297.98,297.97,297.98,10.9554,57065.75861
10/3/2017,1:51:19,11500207,297.98,297.97,297.98,0.0836473,57065.75861
10/3/2017,1:51:44,11500208,297.98,297.97,297.98,5.1996,57027.49023
10/3/2017,1:52:03,11500209,297.98,297.97,297.98,0.00003345,57027.49023
10/3/2017,1:52:16,11500210,297.98,297.97,297.98,0.9981,57041.18908
10/3/2017,1:52:21,11500213,297.98,297.97,297.98,2.42823518,57041.18908
10/3/2017,1:52:48,11500214,297.98,297.97,297.98,0.1968,57041.18908
10/3/2017,1:53:02,11500215,297.98,297.97,297.98,0.00003345,57041.18908
10/3/2017,1:53:16,11500218,297.98,297.97,297.97,1.04,57044.97968
10/3/2017,1:53:19,11500219,297.98,297.97,297.98,3.9541,57044.97968
10/3/2017,1:53:44,11500220,297.98,297.97,297.98,0.66917845,57044.97968
10/3/2017,1:53:51,11500221,297.98,297.97,297.97,1.6789,57044.97968
10/3/2017,1:54:03,11500222,297.98,297.97,297.98,0.00003345,57046.13818
10/3/2017,1:54:06,11500223,297.98,297.97,297.97,0.12705372,57046.13818
10/3/2017,1:54:09,11500224,297.98,297.97,297.98,0.00418236,57046.13818
10/3/2017,1:54:22,11500225,297.98,297.97,297.98,23.5126,57046.13818
10/3/2017,1:54:54,11500235,297.98,297.97,297.98,4.78346289,57043.00777
10/3/2017,1:54:56,11500236,297.98,297.97,297.98,2.34212457,57043.00777
10/3/2017,1:55:02,11500237,297.98,297.97,297.98,0.00003345,57043.00777
10/3/2017,1:55:25,11500238,297.98,297.97,297.98,4.15,57043.00777
10/3/2017,1:55:28,11500239,297.98,297.97,297.98,0.00006691,57043.00777
10/3/2017,1:55:57,11500240,297.98,297.97,297.98,1.6696,57072.48779
10/3/2017,1:56:02,11500241,297.98,297.97,297.98,0.00003345,57072.48779
10/3/2017,1:56:29,11500242,297.98,297.97,297.97,0.6882,57070.40786
10/3/2017,1:57:00,11500243,297.98,297.97,297.98,1.2875,57070.40786
10/3/2017,1:57:02,11500244,297.98,297.97,297.98,0.00003345,57070.40786
10/3/2017,1:57:32,11500245,297.98,297.97,297.97,5.942,57070.86619
10/3/2017,1:58:03,11500247,297.98,297.97,297.98,2.4358,57070.86619
10/3/2017,1:58:36,11500248,297.98,297.97,297.98,0.4349,57053.76859
10/3/2017,1:59:02,11500249,297.98,297.97,297.98,0.00003345,57049.40044
10/3/2017,1:59:08,11500250,297.98,297.97,297.98,6.1163,57049.40044
10/3/2017,1:59:29,11500251,297.98,297.97,297.98,2.50941918,57049.40044
10/3/2017,1:59:40,11500252,297.98,297.97,297.98,1.7116,57049.40044
10/3/2017,2:00:00,11500253,297.98,297.97,297.98,0.00334589,57033.01404
10/3/2017,2:00:01,11500254,297.98,297.97,297.98,1,57033.01404
10/3/2017,2:00:03,11500256,297.98,297.97,297.98,0.00003345,57033.01404
10/3/2017,2:00:11,11500259,297.98,297.97,297.97,2.57372493,57033.01404
10/3/2017,2:00:25,11500261,297.98,297.97,297.98,4.6750045,57033.01404
10/3/2017,2:00:43,11500262,297.98,297.97,297.98,0.4179,57019.3073
10/3/2017,2:00:51,11500263,297.98,297.97,297.98,0.00006691,57019.3073
10/3/2017,2:01:02,11500264,297.98,297.97,297.98,0.00003345,57019.3073
10/3/2017,2:01:12,11500265,297.98,297.97,297.98,16.72946125,57019.3073
10/3/2017,2:01:14,11500266,297.98,297.97,297.98,1.1478,57019.3073
10/3/2017,2:01:46,11500269,297.98,297.97,297.97,0.32876,57027.67592
10/3/2017,2:02:03,11500270,297.98,297.97,297.98,0.00003345,57027.67592
10/3/2017,2:02:17,11500273,297.98,297.97,297.98,4.71669956,57019.23932
10/3/2017,2:02:49,11500275,297.98,297.97,297.98,18.04529956,57019.23932
10/3/2017,2:03:02,11500276,297.98,297.97,297.98,0.00003345,57019.23932
10/3/2017,2:03:12,11500280,297.98,297.97,297.97,0.49201198,56965.03103
10/3/2017,2:03:20,11500282,297.98,297.97,297.98,1.07783301,56965.03103
10/3/2017,2:03:51,11500283,297.98,297.97,297.98,8.7719,56965.03103
10/3/2017,2:04:03,11500284,297.98,297.97,297.98,0.00003345,56995.04392
10/3/2017,2:04:09,11500285,297.98,297.97,297.98,1.77396817,56995.04392
10/3/2017,2:04:09,11500286,297.98,297.97,297.98,0.14446317,56995.04392
10/3/2017,2:04:18,11500289,297.98,297.97,297.98,0.60660316,56995.04392
10/3/2017,2:04:23,11500290,297.98,297.97,297.98,9.2564,56995.04392
10/3/2017,2:04:55,11500292,297.98,297.97,297.98,0.00418236,56989.44901
10/3/2017,2:05:02,11500293,297.98,297.97,297.98,0.00003345,56989.44901
10/3/2017,2:05:10,11500294,297.98,297.97,297.97,1.02624723,56989.44901
10/3/2017,2:05:25,11500295,297.98,297.97,297.98,33.0268,56989.44901
10/3/2017,2:05:26,11500296,297.98,297.97,297.98,0.00006691,56989.44901
10/3/2017,2:05:57,11500297,297.98,297.97,297.98,19.9386,57008.78581
10/3/2017,2:06:02,11500299,297.98,297.97,297.98,0.00003345,57008.78581
10/3/2017,2:06:25,11500300,297.98,297.97,297.98,1.96403875,57008.78581
10/3/2017,2:06:28,11500301,297.98,297.97,297.98,1.522,57050.38313
10/3/2017,2:07:00,11500302,297.98,297.97,297.98,1.4945,57050.38313
10/3/2017,2:07:02,11500303,297.98,297.97,297.98,0.00003345,57050.38313
10/3/2017,2:07:31,11500304,297.98,297.97,297.98,1.0978,57047.88479
10/3/2017,2:07:50,11500305,297.98,297.97,297.98,8.36473062,57047.88479
10/3/2017,2:08:03,11500307,297.98,297.97,297.98,0.4903,57047.88479
10/3/2017,2:08:34,11500308,297.98,297.97,297.98,7.1674,57039.12419
10/3/2017,2:09:02,11500309,297.98,297.97,297.98,0.00003345,57023.98609
10/3/2017,2:09:06,11500310,297.98,297.97,297.98,1.7977,57023.98609
10/3/2017,2:09:37,11500311,297.98,297.97,297.98,9.9929,57023.98609
10/3/2017,2:10:01,11500312,297.98,297.97,297.98,0.00334589,56898.82725
10/3/2017,2:10:02,11500313,297.98,297.97,297.98,0.00003345,56898.82725
10/3/2017,2:10:09,11500314,297.98,297.97,297.98,0.5398,56898.82725
10/3/2017,2:10:33,11500315,297.98,297.97,297.98,0.00006691,56898.82725
10/3/2017,2:10:40,11500316,297.98,297.97,297.98,1.1626,56887.49989
10/3/2017,2:11:02,11500317,297.98,297.97,297.98,0.00003345,56887.49989
10/3/2017,2:11:10,11500318,297.98,297.97,297.98,0.03345892,56887.49989
10/3/2017,2:11:12,11500319,297.98,297.97,297.98,1.0018,56887.49989
10/3/2017,2:11:43,11500320,297.98,297.97,297.97,8.6739,56882.56029
10/3/2017,2:12:02,11500321,297.98,297.97,297.98,0.00003345,56882.56029
10/3/2017,2:12:15,11500322,297.98,297.97,297.98,2.0023,56882.56029
10/3/2017,2:12:46,11500323,297.98,297.97,297.98,8.8792,56875.31039
10/3/2017,2:13:03,11500324,297.98,297.97,297.98,0.00003345,56875.31039
10/3/2017,2:13:18,11500325,297.98,297.97,297.98,3.6717,56869.82596
10/3/2017,2:13:49,11500327,297.98,297.97,297.98,0.4194887,56869.82596
10/3/2017,2:14:02,11500328,297.98,297.97,297.98,0.00003345,56847.56357
10/3/2017,2:14:21,11500329,297.98,297.97,297.98,9.0113,56847.56357
10/3/2017,2:14:52,11500337,297.98,297.97,297.98,7.03310299,56911.18764
10/3/2017,2:15:02,11500338,297.98,297.97,297.98,0.00023421,56911.18764
10/3/2017,2:15:03,11500339,297.98,297.97,297.98,0.00003345,56911.18764
10/3/2017,2:15:24,11500340,297.98,297.97,297.98,0.9171,56911.18764
10/3/2017,2:15:26,11500341,297.98,297.97,297.98,5.01883837,56911.18764
10/3/2017,2:15:29,11500342,297.98,297.97,297.98,0.66917845,56911.18764
10/3/2017,2:15:31,11500344,297.98,297.97,297.97,0.46215921,56911.18764
10/3/2017,2:15:33,11500345,297.98,297.97,297.98,0.00006691,56911.18764
10/3/2017,2:15:43,11500346,297.98,297.97,297.98,0.00418236,56953.40108
10/3/2017,2:15:55,11500347,297.98,297.97,297.98,1.3933,56953.40108
10/3/2017,2:16:02,11500348,297.98,297.97,297.98,0.00003345,56953.40108
10/3/2017,2:16:27,11500349,297.98,297.97,297.97,0.8255,56967.01902
10/3/2017,2:16:59,11500350,297.98,297.97,297.97,4.8875,56967.01902
10/3/2017,2:17:03,11500351,297.98,297.97,297.98,0.00003345,56967.01902
10/3/2017,2:17:32,11500352,297.98,297.97,297.98,8.681,56964.59694
10/3/2017,2:18:02,11500353,297.98,297.97,297.98,0.00003345,56964.59694
10/3/2017,2:18:04,11500354,297.98,297.97,297.98,0.2384,56964.59694
10/3/2017,2:18:21,11500355,297.98,297.97,297.97,7.764946,56971.36214
10/3/2017,2:18:35,11500357,297.98,297.97,297.98,0.1468341,56971.36214
10/3/2017,2:18:37,11500358,297.98,297.97,297.97,0.01,56971.36214
10/3/2017,2:19:02,11500359,297.98,297.97,297.98,0.00003345,56964.88248
10/3/2017,2:19:07,11500362,297.98,297.97,297.98,5.58096755,56964.88248
10/3/2017,2:19:17,11500368,297.98,297.97,297.97,5.30411356,56964.88248
10/3/2017,2:19:22,11500369,297.98,297.97,297.97,3.287121,56964.88248
10/3/2017,2:19:23,11500370,297.98,297.97,297.97,0.073184,56964.88248
10/3/2017,2:19:26,11500372,297.98,297.97,297.97,0.497504,56964.88248
10/3/2017,2:19:37,11500373,297.98,297.97,297.97,0.064323,56964.88248
10/3/2017,2:19:38,11500379,297.98,297.97,297.98,1.50616098,56964.88248
10/3/2017,2:19:46,11500392,297.97,297.96,297.97,7.94499431,56954.6687
10/3/2017,2:19:47,11500395,297.96,297.95,297.95,62.129843,56954.6687
10/3/2017,2:20:02,11500397,297.96,297.95,297.96,0.00003346,56954.6687
10/3/2017,2:20:09,11500398,297.96,297.95,297.96,1.3624,56954.6687
10/3/2017,2:20:33,11500399,297.96,297.95,297.96,0.00006692,56954.6687
10/3/2017,2:20:41,11500400,297.96,297.95,297.96,0.6579,57129.5814
10/3/2017,2:21:03,11500401,297.96,297.95,297.96,0.00003346,57129.5814
10/3/2017,2:21:13,11500403,297.96,297.95,297.96,22.78600038,57129.5814
10/3/2017,2:21:38,11500404,297.96,297.95,297.96,0.00003346,57121.06077
10/3/2017,2:21:44,11500413,297.96,297.95,297.96,0.21170744,57121.06077
10/3/2017,2:22:02,11500414,297.96,297.95,297.96,0.00003346,57121.06077
10/3/2017,2:22:16,11500420,297.96,297.95,297.96,0.2912939,57180.39461
10/3/2017,2:22:17,11500421,297.96,297.95,297.95,0.01,57180.39461
10/3/2017,2:22:25,11500422,297.96,297.95,297.96,1.00048893,57180.39461
10/3/2017,2:22:47,11500425,297.96,297.95,297.95,0.2507864,57180.39461
10/3/2017,2:23:03,11500426,297.96,297.95,297.96,0.00003346,57180.39461
10/3/2017,2:23:18,11500430,297.96,297.95,297.97,8.52718975,57151.2105
10/3/2017,2:23:51,11500431,297.97,297.96,297.97,3.2464,57151.2105
10/3/2017,2:24:02,11500432,297.97,297.96,297.97,0.00003346,57160.4527
10/3/2017,2:24:22,11500433,297.97,297.96,297.96,0.2619,57160.4527
10/3/2017,2:24:23,11500434,297.97,297.96,297.97,0.16730022,57160.4527
10/3/2017,2:24:46,11500437,297.97,297.96,297.97,4.75596516,57156.38479
10/3/2017,2:24:54,11500440,297.98,297.97,297.98,2.69498216,57156.38479
10/3/2017,2:25:02,11500441,297.98,297.97,297.97,0.01,57156.38479
10/3/2017,2:25:03,11500442,297.98,297.97,297.98,0.00003345,57156.38479
10/3/2017,2:25:26,11500447,297.98,297.97,297.98,1.62625261,57156.38479
10/3/2017,2:25:28,11500448,297.98,297.97,297.98,0.00006691,57156.38479
10/3/2017,2:25:44,11500450,297.98,297.97,297.97,4.96,57164.17453
10/3/2017,2:25:57,11500453,297.98,297.97,297.98,2.06114352,57164.17453
10/3/2017,2:26:02,11500454,297.98,297.97,297.98,0.00003345,57164.17453
10/3/2017,2:26:28,11500455,297.98,297.97,297.98,1.0953,57159.64501
10/3/2017,2:26:35,11500456,297.98,297.97,297.98,0.00418236,57159.64501
10/3/2017,2:27:01,11500464,297.99,297.98,297.99,3.24482868,57159.64501
10/3/2017,2:27:02,11500465,297.99,297.98,297.99,0.00003345,57159.64501
10/3/2017,2:27:14,11500466,297.99,297.98,297.98,0.5,57159.64501
10/3/2017,2:27:32,11500472,297.98,297.96,297.96,12.6852,57113.78689
10/3/2017,2:27:52,11500473,297.97,297.96,297.97,1.33840181,57113.78689
10/3/2017,2:28:02,11500474,297.97,297.96,297.97,0.00003346,57113.78689
10/3/2017,2:28:04,11500475,297.97,297.96,297.96,0.0234,57113.78689
10/3/2017,2:28:36,11500479,297.97,297.96,297.97,0.1401,57087.96194
10/3/2017,2:29:02,11500480,297.97,297.96,297.97,0.00003346,57132.62639
10/3/2017,2:29:06,11500489,297.97,297.96,297.97,5.30113346,57132.62639
10/3/2017,2:29:11,11500490,297.97,297.96,297.97,0.003346,57132.62639
10/3/2017,2:29:38,11500492,297.97,297.96,297.97,3.148978,57132.62639
10/3/2017,2:29:46,11500493,297.97,297.96,297.96,1.3,57132.62639
10/3/2017,2:29:47,11500495,297.97,297.96,297.97,0.82737362,57151.74044
10/3/2017,2:30:00,11500496,297.97,297.96,297.97,0.003346,57151.74044
10/3/2017,2:30:02,11500497,297.97,297.96,297.97,0.00003346,57151.74044
10/3/2017,2:30:03,11500499,297.97,297.96,297.96,5.28355,57151.74044
10/3/2017,2:30:05,11500500,297.97,297.96,297.96,0.033573,57151.74044
10/3/2017,2:30:07,11500502,297.97,297.96,297.96,0.34667,57151.74044
10/3/2017,2:30:10,11500504,297.98,297.97,297.98,2.00716368,57151.74044
10/3/2017,2:30:13,11500505,297.98,297.97,297.97,0.02,57151.74044
10/3/2017,2:45:33,11500700,297.75,297.74,297.75,0.00006696,56505.39171
10/3/2017,2:45:53,11500701,297.75,297.74,297.75,1.1566,56464.16434
10/3/2017,2:46:03,11500702,297.75,297.74,297.75,0.00003348,56464.16434
10/3/2017,2:46:25,11500703,297.75,297.74,297.75,2.4945,56464.16434
10/3/2017,2:46:43,11500704,297.75,297.74,297.74,2,56450.2705
10/3/2017,2:46:56,11500705,297.75,297.74,297.75,0.0834,56450.2705
10/3/2017,2:47:02,11500706,297.75,297.74,297.75,0.00003348,56450.2705
10/3/2017,2:47:27,11500707,297.75,297.74,297.75,0.6681,56391.3385
10/3/2017,2:47:59,11500708,297.75,297.74,297.75,1.0909,56391.3385
10/3/2017,2:48:02,11500709,297.75,297.74,297.75,0.00003348,56391.3385
10/3/2017,2:48:29,11500710,297.75,297.74,297.75,0.00418559,56389.76481
10/3/2017,2:48:30,11500713,297.75,297.74,297.74,0.3064,56389.76481
10/3/2017,2:49:02,11500715,297.75,297.74,297.75,0.00003348,56386.51042
10/3/2017,2:49:33,11500718,297.75,297.74,297.74,1.0055,56386.51042
10/3/2017,2:49:40,11500719,297.75,297.74,297.75,1.17196688,56386.51042
10/3/2017,2:50:00,11500721,297.75,297.74,297.75,0.00334847,56365.06048
10/3/2017,2:50:02,11500722,297.75,297.74,297.75,0.00003348,56365.06048
10/3/2017,2:50:04,11500724,297.75,297.74,297.75,1.6742384,56365.06048
10/3/2017,2:50:33,11500725,297.75,297.74,297.75,0.00006696,56365.06048
10/3/2017,2:50:35,11500726,297.75,297.74,297.75,2.3895,56365.06048
10/3/2017,2:51:02,11500727,297.75,297.74,297.75,0.00003348,56361.47303
10/3/2017,2:51:07,11500732,297.75,297.74,297.75,3.50764876,56361.47303
10/3/2017,2:51:38,11500733,297.75,297.74,297.75,0.9644,56345.65184
10/3/2017,2:52:02,11500734,297.75,297.74,297.75,0.00003348,56345.65184
10/3/2017,2:52:03,11500745,297.74,297.73,297.73,3.6985845,56345.65184
10/3/2017,2:52:10,11500746,297.74,297.73,297.74,1.4346,56345.65184
10/3/2017,2:52:42,11500747,297.74,297.73,297.74,1.5263,56328.20614
10/3/2017,2:53:02,11500748,297.74,297.73,297.74,0.00003348,56328.20614
10/3/2017,2:53:09,11500752,297.74,297.73,297.73,0.0990518,56830.04549
10/3/2017,2:53:12,11500753,297.74,297.73,297.74,0.5563,56830.04549
10/3/2017,2:53:44,11500754,297.74,297.73,297.73,0.4007,56830.04549
10/3/2017,2:53:54,11500755,297.74,297.73,297.74,0.06697178,56830.04549
10/3/2017,2:54:02,11500756,297.74,297.73,297.74,0.00003348,56813.70871
10/3/2017,2:54:15,11500757,297.74,297.73,297.74,0.4521,56813.70871
10/3/2017,2:54:47,11500758,297.74,297.73,297.74,9.34,56813.70871
10/3/2017,2:55:02,11500759,297.74,297.73,297.74,0.00003348,56810.34985
10/3/2017,2:55:04,11500760,297.74,297.73,297.74,1.36525333,56810.34985
10/3/2017,2:55:19,11500761,297.74,297.73,297.74,18.2926,56810.34985
10/3/2017,2:55:22,11500762,297.74,297.73,297.73,2,56810.34985
10/3/2017,2:55:25,11500763,297.74,297.73,297.74,0.00006697,56810.34985
10/3/2017,2:55:51,11500764,297.74,297.73,297.74,6.9912,56813.79445
10/3/2017,2:56:03,11500765,297.74,297.73,297.74,0.00003348,56813.79445
10/3/2017,2:56:15,11500766,297.74,297.73,297.74,0.06697178,56813.79445
10/3/2017,2:56:22,11500768,297.74,297.73,297.73,0.0012518,56813.79445
10/3/2017,2:56:53,11500771,297.74,297.73,297.73,0.8512518,56838.59822
10/3/2017,2:57:03,11500775,297.74,297.72,297.72,0.98,56838.59822
10/3/2017,2:57:25,11500778,297.73,297.72,297.73,2.8551,56802.71403
10/3/2017,2:57:56,11500800,297.92,297.75,297.92,0.16230542,56802.71403
10/3/2017,2:58:03,11500801,297.84,297.82,297.85,0.00003347,56802.71403
10/3/2017,2:58:28,11500815,297.92,297.82,297.93,2.48234089,56802.14363
10/3/2017,2:59:00,11500817,297.83,297.82,297.83,7.631498,56801.8201
10/3/2017,2:59:02,11500818,297.83,297.82,297.83,0.00003347,56801.8201
10/3/2017,2:59:32,11500820,297.83,297.82,297.83,0.00418447,56801.8201
10/3/2017,3:00:01,11500821,297.83,297.82,297.83,0.00334757,56797.28966
10/3/2017,3:00:03,11500823,297.83,297.82,297.83,0.00003347,56797.28966
10/3/2017,3:00:04,11500824,297.83,297.82,297.83,1.8383,56797.28966
10/3/2017,3:00:13,11500825,297.83,297.82,297.83,3.56516991,56797.28966
10/3/2017,3:00:36,11500830,297.83,297.82,297.82,0.91107383,56797.28966
10/3/2017,3:00:52,11500831,297.83,297.82,297.83,0.00006695,56796.61809
10/3/2017,3:01:02,11500832,297.82,297.81,297.82,0.00003347,56796.61809
10/3/2017,3:01:07,11500843,297.78,297.73,297.73,0.32455,56796.61809
10/3/2017,3:01:38,11500871,297.95,297.84,297.97,0.46765145,56791.09779
10/3/2017,3:02:02,11500872,297.87,297.86,297.87,0.00003347,56791.09779
10/3/2017,3:02:10,11500874,297.87,297.86,297.87,5.54188747,56791.09779
10/3/2017,3:02:41,11500875,297.87,297.86,297.87,1.1958,56789.12879
10/3/2017,3:02:53,11500876,297.87,297.86,297.87,3.34712785,56789.12879
10/3/2017,3:03:03,11500877,297.87,297.86,297.87,0.00003347,56789.12879
10/3/2017,3:03:12,11500881,297.88,297.87,297.88,0.005989,56785.97207
10/3/2017,3:03:44,11500889,297.96,297.92,297.96,0.87047776,56785.97207
10/3/2017,3:04:03,11500890,297.93,297.92,297.93,0.00003346,56777.78953
10/3/2017,3:04:16,11500891,297.93,297.92,297.92,6.1072,56777.78953
10/3/2017,3:04:47,11500895,297.93,297.92,297.93,2.777249,56772.76425
10/3/2017,3:05:02,11500896,297.93,297.92,297.93,0.00003346,56772.76425
10/3/2017,3:05:03,11500898,297.93,297.92,297.92,33.1072,56772.76425
10/3/2017,3:05:12,11500899,297.93,297.92,297.93,0.00334645,56772.76425
10/3/2017,3:05:18,11500903,297.93,297.92,297.93,3.22927491,56772.76425
10/3/2017,3:05:26,11500904,297.93,297.92,297.93,0.00006692,56772.76425
10/3/2017,3:05:50,11500908,297.93,297.92,297.93,0.90779392,56769.79862
10/3/2017,3:06:02,11500910,297.93,297.92,297.93,0.00167322,56769.79862
10/3/2017,3:06:21,11500911,297.93,297.92,297.93,8.6898,56769.79862
10/3/2017,3:06:25,11500912,297.93,297.92,297.93,0.66929075,56769.79862
10/3/2017,3:06:52,11500913,297.93,297.92,297.93,0.0374,56756.32601
10/3/2017,3:06:54,11500914,297.93,297.92,297.93,6.96,56756.32601
10/3/2017,3:06:56,11500916,297.93,297.92,297.93,5.19845,56756.32601
10/3/2017,3:06:57,11500917,297.93,297.92,297.93,3.600001,56756.32601
10/3/2017,3:07:03,11500918,297.93,297.92,297.93,0.00003346,56756.32601
10/3/2017,3:07:55,11500919,297.93,297.92,297.92,35.9715,56744.39026
10/3/2017,3:08:02,11500920,297.93,297.92,297.93,0.00003346,56744.39026
10/3/2017,3:08:27,11500921,297.93,297.92,297.93,2.0965,56726.53173
10/3/2017,3:08:58,11500922,297.93,297.92,297.92,0.0423,56725.80576
10/3/2017,3:09:03,11500923,297.93,297.92,297.93,0.00003346,56725.80576
10/3/2017,3:09:30,11500924,297.93,297.92,297.93,2.5369,56725.80576
10/3/2017,3:09:59,11500925,297.93,297.92,297.92,8.05581845,56721.06712
10/3/2017,3:10:02,11500928,297.93,297.92,297.93,0.00003346,56721.06712
10/3/2017,3:10:32,11500929,297.93,297.92,297.92,2.9632,56721.06712
10/3/2017,3:10:34,11500930,297.93,297.92,297.93,0.00006692,56721.06712
10/3/2017,3:10:38,11500931,297.93,297.92,297.93,0.00418306,56721.06712
10/3/2017,3:11:02,11500932,297.93,297.92,297.93,0.00003346,56718.99367
10/3/2017,3:11:05,11500933,297.93,297.92,297.93,2.3951,56718.99367
10/3/2017,3:11:36,11500934,297.93,297.92,297.93,16.3408,56715.18386
10/3/2017,3:12:03,11500935,297.93,297.92,297.93,0.00003346,56715.18386
10/3/2017,3:12:07,11500937,297.93,297.92,297.93,8.76267907,56715.18386
10/3/2017,3:12:39,11500938,297.93,297.92,297.93,1.7976,56709.04821
10/3/2017,3:13:02,11500939,297.93,297.92,297.93,0.00003346,56709.04821
10/3/2017,3:13:10,11500941,297.93,297.92,297.93,0.21321253,56702.75981
10/3/2017,3:13:31,11500943,297.93,297.92,297.93,1.67452234,56702.75981
10/3/2017,3:13:42,11500944,297.93,297.92,297.93,3.6922,56702.75981
10/3/2017,3:13:59,11500945,297.93,297.92,297.93,0.340794,56701.46087
10/3/2017,3:14:03,11500946,297.93,297.92,297.93,0.00003346,56701.46087
10/3/2017,3:14:13,11500947,297.93,297.92,297.93,4.3574,56701.46087
10/3/2017,3:14:24,11500957,297.97,297.93,297.97,12.63226097,56701.46087
10/3/2017,3:14:26,11500958,297.97,297.96,297.97,0.398209,56701.46087
10/3/2017,3:14:37,11500959,297.97,297.96,297.97,3.33805,56701.46087
10/3/2017,3:14:44,11500961,297.97,297.96,297.97,15.07211997,56701.46087
10/3/2017,3:14:45,11500962,297.97,297.96,297.97,0.406567,56701.46087
10/3/2017,3:14:47,11500963,297.97,297.96,297.97,0.651032,56676.77634
10/3/2017,3:14:52,11500964,297.97,297.96,297.97,11.344,56676.77634
10/3/2017,3:14:55,11500965,297.97,297.96,297.97,0.37722213,56676.77634
10/3/2017,3:15:02,11500966,297.97,297.96,297.97,0.00003346,56676.77634
10/3/2017,3:15:03,11500967,297.97,297.96,297.97,0.00023422,56676.77634
10/3/2017,3:15:05,11500971,297.98,297.97,297.98,1.18613178,56676.77634
10/3/2017,3:15:16,11500976,297.99,297.98,297.98,8.6071137,56676.77634
10/3/2017,3:15:32,11500977,297.99,297.98,297.99,0.00006691,56676.77634
10/3/2017,3:15:47,11500980,297.99,297.98,297.98,2.6451,56664.05768
10/3/2017,3:16:03,11500981,297.99,297.98,297.99,0.00003345,56664.05768
10/3/2017,3:16:18,11500982,297.99,297.98,297.98,1,56664.05768
10/3/2017,3:16:19,11500984,297.99,297.98,297.99,0.11443036,56664.05768
10/3/2017,3:16:50,11500985,297.99,297.98,297.99,1.7207,56661.02518
10/3/2017,3:17:02,11500986,297.99,297.98,297.99,0.00003345,56661.02518
10/3/2017,3:17:22,11500987,297.99,297.98,297.99,0.1737,56627.84982
10/3/2017,3:17:24,11500988,297.99,297.98,297.99,7.32539864,56627.84982
10/3/2017,3:17:25,11500989,297.99,297.98,297.99,1.51182698,56627.84982
10/3/2017,3:17:36,11500990,297.99,297.98,297.99,1.67288998,56627.84982
10/3/2017,3:17:42,11500992,297.99,297.98,297.99,4.02672986,56627.84982
10/3/2017,3:17:53,11500993,297.99,297.98,297.99,0.708,56627.84982
10/3/2017,3:18:02,11500994,297.99,297.98,297.99,0.00003345,56627.84982
10/3/2017,3:18:25,11500995,297.99,297.98,297.98,0.0534,56421.76009
10/3/2017,3:18:56,11500996,297.99,297.98,297.99,3.549,56421.76009
10/3/2017,3:19:02,11500997,297.99,297.98,297.99,0.00003345,56719.85241
10/3/2017,3:19:07,11500998,297.99,297.98,297.99,0.03840955,56719.85241
10/3/2017,3:19:18,11500999,297.99,297.98,297.99,1.67288998,56719.85241
10/3/2017,3:19:27,11501000,297.99,297.98,297.99,4.4351,56719.85241
10/3/2017,3:19:58,11501001,297.99,297.98,297.99,0.9872,56700.09314
10/3/2017,3:20:02,11501003,297.99,297.98,297.99,0.00003345,56700.09314
10/3/2017,3:20:06,11501004,297.99,297.98,297.99,0.79501,56700.09314
10/3/2017,3:20:28,11501005,297.99,297.98,297.99,1.104156,56700.09314
10/3/2017,3:20:30,11501006,297.99,297.98,297.99,0.8006,56700.09314
10/3/2017,3:20:34,11501007,297.99,297.98,297.99,0.00006691,56700.09314
10/3/2017,3:20:36,11501008,297.99,297.98,297.99,4.738024,56700.09314
10/3/2017,3:20:39,11501009,297.99,297.98,297.99,6.452693,56565.13617
10/3/2017,3:20:42,11501010,297.99,297.98,297.99,1.268448,56565.13617
10/3/2017,3:20:56,11501011,297.99,297.98,297.99,1.00373399,56565.13617
10/3/2017,3:21:01,11501012,297.99,297.98,297.99,1.669,56565.13617
10/3/2017,3:21:03,11501013,297.99,297.98,297.99,0.00003345,56565.13617
10/3/2017,3:21:33,11501014,297.99,297.98,297.99,11.2827,56542.62355
10/3/2017,3:21:47,11501015,297.99,297.98,297.99,0.00418222,56542.62355
10/3/2017,3:22:02,11501016,297.99,297.98,297.99,0.00003345,56542.62355
10/3/2017,3:22:04,11501017,297.99,297.98,297.99,8.7763,56542.62355
10/3/2017,3:22:08,11501019,297.99,297.98,297.98,0.36383976,56542.62355
10/3/2017,3:22:10,11501020,297.99,297.98,297.98,2.5771561,56542.62355
10/3/2017,3:22:36,11501021,297.99,297.98,297.99,1.8462,56536.77109
10/3/2017,3:23:02,11501022,297.99,297.98,297.99,0.00003345,56536.77109
10/3/2017,3:23:07,11501023,297.99,297.98,297.99,7.8874,56532.71483
10/3/2017,3:23:08,11501024,297.99,297.98,297.99,0.96466932,56532.71483
10/3/2017,3:23:38,11501025,297.99,297.98,297.99,1.0389,56532.71483
10/3/2017,3:24:02,11501026,297.99,297.98,297.99,0.00003345,56516.49533
10/3/2017,3:24:10,11501029,297.99,297.98,297.99,25.08925383,56516.49533
10/3/2017,3:24:41,11501030,297.99,297.98,297.98,4.4641,56516.49533
10/3/2017,3:25:02,11501031,297.99,297.98,297.99,0.00003345,56558.30133
10/3/2017,3:25:13,11501032,297.99,297.98,297.99,4.5846,56558.30133
10/3/2017,3:25:26,11501033,297.99,297.98,297.99,0.00006691,56558.30133
10/3/2017,3:25:44,11501034,297.99,297.98,297.99,10,56555.46097
10/3/2017,3:26:02,11501035,297.99,297.98,297.99,0.00003345,56555.46097
10/3/2017,3:26:16,11501036,297.99,297.98,297.99,5.3412,56555.46097
10/3/2017,3:26:47,11501042,297.99,297.98,297.99,0.42121131,56558.6389
10/3/2017,3:27:02,11501043,297.99,297.98,297.99,0.00003345,56558.6389
10/3/2017,3:27:19,11501044,297.99,297.98,297.98,0.182,56564.50759
10/3/2017,3:27:50,11501046,297.99,297.98,297.98,4.18649586,56564.50759
10/3/2017,3:28:02,11501047,297.99,297.98,297.99,0.00003345,56564.50759
10/3/2017,3:28:21,11501048,297.99,297.98,297.99,1.2326,56511.25424
10/3/2017,3:28:52,11501053,297.99,297.98,297.99,2.81720778,56511.25424
10/3/2017,3:29:02,11501054,297.99,297.98,297.99,0.00003345,56526.35063
10/3/2017,3:29:25,11501055,297.99,297.98,297.99,6.8285,56526.35063
10/3/2017,3:29:55,11501056,297.99,297.98,297.99,4.5619,56523.39115
10/3/2017,3:30:01,11501060,298,297.99,298,0.00334566,56523.39115
10/3/2017,3:30:03,11501062,298,297.99,298,0.00023419,56523.39115
10/3/2017,3:30:26,11501064,298,297.99,298,7.6023133,56523.39115
10/3/2017,3:30:48,11501065,298,297.99,298,0.00006691,56552.95189
10/3/2017,3:30:58,11501066,298,297.99,298,8.2956,56552.95189
10/3/2017,3:31:00,11501067,298,297.99,298,0.00669133,56552.95189
10/3/2017,3:31:03,11501068,298,297.99,298,0.00003345,56552.95189
10/3/2017,3:31:29,11501069,298,297.99,298,5.392,56496.10101
10/3/2017,3:32:01,11501070,298,297.99,297.99,0.7819,56496.10101
10/3/2017,3:32:02,11501071,298,297.99,298,0.00003345,56496.10101
10/3/2017,3:32:08,11501072,298,297.99,298,20.962623,56496.10101
10/3/2017,3:32:17,11501073,298,297.99,298,700,56492.78756
10/3/2017,3:32:28,11501074,298,297.99,298,0.95492047,56492.78756
10/3/2017,3:32:32,11501075,298,297.99,298,5.1036,56492.78756
10/3/2017,3:32:41,11501076,298,297.99,298,2.00740061,56492.78756
10/3/2017,3:32:51,11501078,298,297.99,297.99,1.868125,56492.78756
10/3/2017,3:33:00,11501079,298,297.99,298,0.00418208,56492.78756
10/3/2017,3:33:02,11501080,298,297.99,298,0.00003345,56492.78756
10/3/2017,3:33:04,11501081,298,297.99,298,6.6697,56492.78756
10/3/2017,3:33:16,11501082,298,297.99,298,1.000008,57177.2643
10/3/2017,3:33:35,11501083,298,297.99,298,8.0839,57177.2643
10/3/2017,3:33:44,11501084,298,297.99,298,3,57177.2643
10/3/2017,3:33:57,11501085,298,297.99,298,0.02,57185.02052
10/3/2017,3:34:00,11501086,298,297.99,298,11.045051,57185.02052
10/3/2017,3:34:03,11501087,298,297.99,298,0.00003345,57185.02052
10/3/2017,3:34:06,11501088,298,297.99,298,2.0128,57185.02052
10/3/2017,3:34:20,11501089,298,297.99,298,1.83441,57185.02052
10/3/2017,3:34:36,11501090,298,297.99,298,200.7400617,57185.02052
10/3/2017,3:34:38,11501091,298,297.99,298,3.3699,57185.02052
10/3/2017,3:34:40,11501093,298,297.99,298,39.542,57185.02052
10/3/2017,3:34:40,11501094,298,297.99,297.99,3.0144325,57185.02052
10/3/2017,3:34:48,11501096,298,297.99,297.99,0.65780461,57187.65805
10/3/2017,3:34:54,11501097,298,297.99,298,229.4218686,57187.65805
10/3/2017,3:34:58,11501098,298,297.99,298,285.8308297,57187.65805
10/3/2017,3:35:03,11501099,298,297.99,298,78.05111511,57187.65805
10/3/2017,3:35:03,11501100,298,297.99,298,0.00003345,57187.65805
10/3/2017,3:35:09,11501101,298,297.99,298,9.0157,57187.65805
10/3/2017,3:35:12,11501102,298,297.99,298,0.070741,57187.65805
10/3/2017,3:35:17,11501104,298,297.99,298,111.6886589,57187.65805
10/3/2017,3:35:18,11501111,298,297.99,298,9.27872519,57187.65805
10/3/2017,3:35:19,11501112,298,297.99,298,49.61956412,57187.65805
10/3/2017,3:35:23,11501115,298,297.99,298,3.01110092,57187.65805
10/3/2017,3:35:25,11501116,298,297.99,298,0.00006691,57187.65805
10/3/2017,3:35:33,11501117,298,297.99,298,5.35270028,57187.65805
10/3/2017,3:35:37,11501118,298,297.99,298,15.32851111,58237.38982
10/3/2017,3:35:41,11501119,298,297.99,298,0.2217,58237.38982
10/3/2017,3:36:03,11501121,298,297.99,298,0.00003345,58237.38982
10/3/2017,3:36:12,11501122,298,297.99,298,1.8125,58237.38982
10/3/2017,3:36:35,11501128,298,297.99,298,10.46980922,58501.62474
10/3/2017,3:36:39,11501129,298,297.99,298,1.614648,58501.62474
10/3/2017,3:36:44,11501207,298.25,298.2,298.5,0.33400635,58501.62474
10/3/2017,3:36:56,11501210,298.25,298.24,298.24,0.08769249,58501.62474
10/3/2017,3:37:02,11501211,298.25,298.24,298.25,0.00003342,58501.62474
10/3/2017,3:37:15,11501226,298.52,298.47,298.52,0.3358289,58501.62474
10/3/2017,3:37:43,11501229,298.52,298.51,298.52,0.27463277,58609.02758
10/3/2017,3:37:46,11501245,298.67,298.66,298.67,0.99545041,58609.02758
10/3/2017,3:38:02,11501246,298.67,298.66,298.67,0.00003338,58609.02758
10/3/2017,3:38:15,11501247,298.68,298.67,298.67,8.35,58609.82064
10/3/2017,3:38:16,11501250,298.69,298.68,298.69,0.01830338,58609.82064
10/3/2017,3:38:18,11501262,298.77,298.75,298.77,0.22668754,58609.82064
10/3/2017,3:38:50,11501271,298.79,298.78,298.79,0.35904662,58609.82064
10/3/2017,3:39:02,11501272,298.79,298.78,298.79,0.00003336,58611.70421
10/3/2017,3:39:22,11501273,298.79,298.78,298.78,3.4719,58611.70421
10/3/2017,3:39:23,11501283,298.82,298.81,298.82,2.1102327,58611.70421
10/3/2017,3:39:52,11501296,298.89,298.84,298.89,1.85233405,58542.20225
10/3/2017,3:40:01,11501297,298.89,298.88,298.89,0.0033357,58542.20225
10/3/2017,3:40:02,11501298,298.89,298.88,298.89,0.00003335,58542.20225
10/3/2017,3:40:23,11501301,298.9,298.89,298.9,0.97284518,58542.20225
10/3/2017,3:40:25,11501334,299,298.99,299,271.9208158,58542.20225
10/3/2017,3:40:37,11501335,299,298.99,299,0.00006668,58542.20225
10/3/2017,3:40:55,11501336,299,298.99,299,10.8152,58547.72627
10/3/2017,3:41:02,11501337,299,298.99,299,0.00003334,58547.72627
10/3/2017,3:41:07,11501338,299,298.99,299,24.88187611,58547.72627
10/3/2017,3:41:27,11501340,299,298.99,298.99,0.9,58547.72627
10/3/2017,3:41:37,11501341,299,298.99,299,6.94805216,58882.58604
10/3/2017,3:41:42,11501342,299,298.99,299,0.5,58882.58604
10/3/2017,3:41:58,11501343,299,298.99,299,4.7098,58882.58604
10/3/2017,3:42:02,11501344,299,298.99,299,0.00003334,58882.58604
10/3/2017,3:42:29,11501345,299,298.99,299,6.4611,58885.86534
10/3/2017,3:42:50,11501346,299,298.99,299,7.51241259,58885.86534
10/3/2017,3:43:01,11501347,299,298.99,299,0.4924,58885.86534
10/3/2017,3:43:02,11501348,299,298.99,299,0.00003334,58885.86534
10/3/2017,3:43:12,11501349,299,298.99,299,0.33344781,58895.95714
10/3/2017,3:43:14,11501350,299,298.99,299,50.01717256,58895.95714
10/3/2017,3:43:24,11501351,299,298.99,298.99,0.089999,58895.95714
10/3/2017,3:43:32,11501352,299,298.99,299,3.4162,58895.95714
10/3/2017,3:44:03,11501353,299,298.99,299,0.00003334,58940.17673
10/3/2017,3:44:04,11501354,299,298.99,299,2,58940.17673
10/3/2017,3:44:16,11501355,299,298.99,299,0.00416809,58940.17673
10/3/2017,3:44:19,11501356,299,298.99,299,2.0006869,58940.17673
10/3/2017,3:44:22,11501357,299,298.99,299,0.26829211,58940.17673
10/3/2017,3:44:35,11501358,299,298.99,299,1.3058,58940.17673
10/3/2017,3:44:52,11501359,299,298.99,299,6.66895634,58906.61313
10/3/2017,3:45:00,11501360,299,298.99,298.99,12.19345365,58906.61313
10/3/2017,3:45:03,11501362,299,298.99,299,0.00003334,58906.61313
10/3/2017,3:45:07,11501363,299,298.99,299,0.5013,58906.61313
10/3/2017,3:45:37,11501364,299,298.99,299,0.00006668,58906.61313
10/3/2017,3:45:39,11501365,299,298.99,299,42.4556,58928.06312
10/3/2017,3:46:03,11501366,299,298.99,299,0.00003334,58928.06312
10/3/2017,3:46:10,11501367,299,298.99,299,8.5907,58928.06312
10/3/2017,3:46:41,11501368,299,298.99,299,3.7816,58962.26113
10/3/2017,3:46:47,11501369,299,298.99,299,0.01000343,58962.26113
10/3/2017,3:47:02,11501370,299,298.99,299,0.00003334,58962.26113
10/3/2017,3:47:13,11501371,299,298.99,299,4.0211,58962.26113
10/3/2017,3:47:45,11501372,299,298.99,299,5.7647,58973.91477
10/3/2017,3:48:03,11501373,299,298.99,299,0.00003334,58973.91477
10/3/2017,3:48:16,11501374,299,298.99,299,0.6002,58905.33288
10/3/2017,3:48:47,11501375,299,298.99,299,0.4934,58905.33288
10/3/2017,3:48:57,11501376,299,298.99,299,53.72641273,58904.74845
10/3/2017,3:49:02,11501377,299,298.99,299,0.00003334,58904.74845
10/3/2017,3:49:19,11501378,299,298.99,299,2.745,58904.74845
10/3/2017,3:49:35,11501379,299,298.99,299,2.43163486,58904.74845
10/3/2017,3:49:41,11501380,299,298.99,299,3.00103035,58904.74845
10/3/2017,3:49:50,11501381,299,298.99,299,6.4998,58949.94936
10/3/2017,3:50:00,11501382,299,298.99,299,0.00333447,58949.94936
10/3/2017,3:50:02,11501383,299,298.99,299,0.00003334,58949.94936
10/3/2017,3:50:21,11501384,299,298.99,299,9.6004,58949.94936
10/3/2017,3:50:34,11501385,299,298.99,299,0.00006668,58949.94936
10/3/2017,3:50:52,11501386,299,298.99,299,10.1571,58912.35697
10/3/2017,3:51:03,11501387,299,298.99,299,0.00003334,58912.35697
10/3/2017,3:51:24,11501388,299,298.99,299,1.207,58912.35697
10/3/2017,3:51:55,11501389,299,298.99,299,1.639,58925.798
10/3/2017,3:52:02,11501390,299,298.99,299,0.00003334,58925.798
10/3/2017,3:52:26,11501391,299,298.99,299,18.636,58922.18585
10/3/2017,3:52:34,11501392,299,298.99,299,1.25042931,58922.18585
10/3/2017,3:52:58,11501393,299,298.99,299,20.325,58922.18585
10/3/2017,3:52:59,11501394,299,298.99,299,2.67038349,58922.18585
10/3/2017,3:53:03,11501395,299,298.99,299,0.00003334,58922.18585
10/3/2017,3:53:29,11501397,299,298.99,298.99,7.7795,58922.08418
10/3/2017,3:54:00,11501407,299,298.99,298.99,9.34558682,58951.36616
10/3/2017,3:54:03,11501408,299,298.99,299,0.00003334,58951.36616
10/3/2017,3:54:07,11501409,299,298.99,298.99,0.12058816,58951.36616
10/3/2017,3:54:14,11501410,299,298.99,298.99,2.43163486,58951.36616
10/3/2017,3:54:24,11501411,299,298.99,299,5.00171725,58951.36616
10/3/2017,3:54:31,11501412,299,298.99,299,2.9013,58951.36616
10/3/2017,3:54:35,11501413,299,298.99,299,6.66895634,58951.36616
10/3/2017,3:54:46,11501414,299,298.99,298.99,0.44,58951.36616
10/3/2017,3:55:03,11501416,299,298.99,299,1.8154,58969.84769
10/3/2017,3:55:17,11501417,299,298.99,299,1,58969.84769
10/3/2017,3:55:26,11501418,299,298.99,299,0.00006668,58969.84769
10/3/2017,3:55:35,11501419,299,298.99,299,0.3328,58969.84769
10/3/2017,3:55:36,11501420,299,298.99,299,0.00416809,58969.84769
10/3/2017,3:56:03,11501421,299,298.99,299,0.00003334,58984.67645
10/3/2017,3:56:06,11501422,299,298.99,299,18.5328,58984.67645
10/3/2017,3:56:22,11501423,299,298.99,299,0.3,58984.67645
10/3/2017,3:56:37,11501424,299,298.99,299,2.3969,58972.56992
10/3/2017,3:57:02,11501425,299,298.99,299,0.00003334,58972.56992
10/3/2017,3:57:09,11501426,299,298.99,299,0.5568,58972.56992
10/3/2017,3:57:41,11501427,299,298.99,298.99,0.7733,58990.06649
10/3/2017,3:58:03,11501428,299,298.99,299,0.00003334,58990.06649
10/3/2017,3:58:11,11501431,299,298.99,298.99,8.79629856,58975.69366
10/3/2017,3:58:43,11501432,299,298.99,299,0.0482,58975.69366
10/3/2017,3:59:02,11501433,299,298.99,299,0.00003334,59018.23616
10/3/2017,3:59:14,11501434,299,298.99,299,0.5838,59018.23616
10/3/2017,3:59:38,11501435,299,298.99,299,3.54188271,59018.23616
10/3/2017,3:59:43,11501436,299,298.99,299,3.33447817,59018.23616
10/3/2017,3:59:45,11501437,299,298.99,298.99,6.8456,59018.23616
10/3/2017,4:00:00,11501438,299,298.99,299,0.00333447,59018.04326
10/3/2017,4:00:03,11501440,299,298.99,299,0.00003334,59018.04326
10/3/2017,4:00:17,11501441,299,298.99,299,32.4318,59018.04326
10/3/2017,4:00:26,11501442,299,298.99,298.99,0.5,59018.04326
10/3/2017,4:00:38,11501443,299,298.99,298.99,2.00077732,59008.26774
10/3/2017,4:00:48,11501444,299,298.99,299,0.5073,59008.26774
10/3/2017,4:00:50,11501445,299,298.99,299,0.00006668,59008.26774
10/3/2017,4:01:02,11501446,299,298.99,299,0.00003334,59008.26774
10/3/2017,4:01:11,11501447,299,298.99,298.99,6.85669289,59008.26774
10/3/2017,4:01:19,11501448,299,298.99,299,9.027,59008.26774
10/3/2017,4:01:21,11501449,299,298.99,298.99,7.72,59008.26774
10/3/2017,4:01:26,11501450,299,298.99,299,386.9350477,59008.26774
10/3/2017,4:01:32,11501451,299,298.99,299,0.54968872,59040.04291
10/3/2017,4:01:50,11501452,299,298.99,298.99,1.1406,59040.04291
10/3/2017,4:02:03,11501453,299,298.99,299,0.00003334,59040.04291
10/3/2017,4:02:23,11501454,299,298.99,299,6.3138,59447.71887
10/3/2017,4:02:53,11501455,299,298.99,299,2.0718,59447.71887
10/3/2017,4:02:57,11501456,299,298.99,298.99,1.017,59447.71887
10/3/2017,4:03:02,11501457,299,298.99,299,0.00003334,59447.71887
10/3/2017,4:03:24,11501458,299,298.99,299,1.0391,59452.97177
10/3/2017,4:03:53,11501459,299,298.99,298.99,10.2947764,59452.97177
10/3/2017,4:03:55,11501460,299,298.99,299,11.4947,59452.97177
10/3/2017,4:03:57,11501461,299,298.99,298.99,3.58174666,59452.97177
10/3/2017,4:04:03,11501462,299,298.99,299,0.00003334,59417.59704
10/3/2017,4:04:27,11501464,299,298.99,298.99,26.27819183,59417.59704
10/3/2017,4:04:49,11501466,299,298.99,298.99,1.57294676,59438.90946
10/3/2017,4:04:58,11501467,299,298.99,299,2.5735,59438.90946
10/3/2017,4:05:02,11501468,299,298.99,299,0.00003334,59438.90946
10/3/2017,4:05:26,11501469,299,298.99,299,0.00006668,59438.90946
10/3/2017,4:05:30,11501470,299,298.99,299,3.4986,59438.90946
10/3/2017,4:06:02,11501472,299,298.99,299,0.00166723,59444.95627
10/3/2017,4:06:03,11501473,299,298.99,299,0.00003334,59444.95627
10/3/2017,4:06:32,11501474,299,298.99,299,0.0138,59439.56229
10/3/2017,4:06:53,11501475,299,298.99,299,0.33344781,59439.56229
10/3/2017,4:06:59,11501476,299,298.99,299,0.00416809,59439.56229
10/3/2017,4:07:02,11501477,299,298.99,299,0.00003334,59439.56229
10/3/2017,4:07:03,11501478,299,298.99,299,1.0335,59439.56229
10/3/2017,4:07:35,11501479,299,298.99,299,1.4265,59443.07083
10/3/2017,4:07:37,11501480,299,298.99,299,1.00034345,59443.07083
10/3/2017,4:08:02,11501482,299,298.99,298.99,0.4779779,59443.07083
10/3/2017,4:08:06,11501483,299,298.99,298.99,21.64,59443.07083
10/3/2017,4:08:37,11501484,299,298.99,299,1.1456,59438.19455
10/3/2017,4:09:03,11501485,299,298.99,299,0.00003334,59447.69612
10/3/2017,4:09:09,11501486,299,298.99,299,1.6657,59447.69612
10/3/2017,4:09:36,11501487,299,298.99,299,0.54695445,59447.69612
10/3/2017,4:09:40,11501488,299,298.99,298.99,8.8253,59447.69612
10/3/2017,4:10:02,11501490,299,298.99,299,0.00003334,58916.56609
10/3/2017,4:10:11,11501491,299,298.99,299,17.2505,58916.56609
10/3/2017,4:10:21,11501492,299,298.99,299,1,58916.56609
10/3/2017,4:10:33,11501493,299,298.99,299,0.00006668,58916.56609
10/3/2017,4:10:42,11501494,299,298.99,298.99,2.3416,58896.08331
10/3/2017,4:10:50,11501495,299,298.99,299,5.75084112,58896.08331
10/3/2017,4:11:02,11501496,299,298.99,299,0.00003334,58896.08331
10/3/2017,4:11:14,11501497,299,298.99,299,4.202,58896.08331
10/3/2017,4:11:45,11501498,299,298.99,299,17.3532,58890.55876
10/3/2017,4:12:02,11501499,299,298.99,299,0.00003334,58890.55876
10/3/2017,4:12:17,11501500,299,298.99,299,2.7232,58890.55876
10/3/2017,4:12:48,11501501,299,298.99,299,3.8663,58902.70139
10/3/2017,4:13:03,11501502,299,298.99,299,0.00003334,58902.70139
10/3/2017,4:13:20,11501504,299,298.99,299,0.83361954,58868.90377
10/3/2017,4:13:50,11501506,299,298.99,299,3.33447817,58868.90377
10/3/2017,4:14:02,11501507,299,298.99,299,0.00003334,58853.79564
10/3/2017,4:14:22,11501508,299,298.99,299,5.3891,58853.79564
10/3/2017,4:14:53,11501509,299,298.99,299,9.8181,58857.78679
10/3/2017,4:15:03,11501511,299,298.99,299,0.00003334,58857.78679
10/3/2017,4:15:25,11501512,299,298.99,298.99,0.3278,58857.78679
10/3/2017,4:15:34,11501513,299,298.99,299,0.00006668,58857.78679
10/3/2017,4:15:56,11501514,299,298.99,299,1.8673,58867.07775
10/3/2017,4:15:57,11501515,299,298.99,299,0.00033344,58867.07775
10/3/2017,4:16:02,11501516,299,298.99,299,0.00003334,58867.07775
10/3/2017,4:16:58,11501517,299,298.99,298.99,8.7453,58868.12465
10/3/2017,4:17:03,11501518,299,298.99,299,0.00003334,58868.12465
10/3/2017,4:17:30,11501519,299,298.99,299,1.9514,58842.07658
10/3/2017,4:18:02,11501521,299,298.99,299,0.00003334,58842.07658
10/3/2017,4:18:26,11501522,299,298.99,299,0.00416809,58844.35195
10/3/2017,4:18:28,11501524,299,298.99,298.99,0.01,58844.35195
10/3/2017,4:18:32,11501525,299,298.99,299,1.9776,58844.35195
10/3/2017,4:19:02,11501526,299,298.99,299,0.00003334,58846.40091
10/3/2017,4:19:04,11501527,299,298.99,299,37.8578,58846.40091
10/3/2017,4:19:11,11501528,299,298.99,299,0.75025758,58846.40091
10/3/2017,4:19:35,11501529,299,298.99,299,20.5905,58846.40091
10/3/2017,4:19:40,11501530,299,298.99,299,3.33447817,58846.40091
10/3/2017,4:19:57,11501531,299,298.99,299,0.46552649,58860.57487
10/3/2017,4:20:00,11501532,299,298.99,299,0.00333447,58860.57487
10/3/2017,4:20:02,11501533,299,298.99,299,0.00003334,58860.57487
10/3/2017,4:20:06,11501534,299,298.99,299,0.3494,58860.57487
10/3/2017,4:20:08,11501535,299,298.99,299,0.08336195,58860.57487
10/3/2017,4:20:35,11501536,299,298.99,299,0.00006668,58860.57487
10/3/2017,4:20:38,11501537,299,298.99,299,33.4555,58860.57487
10/3/2017,4:21:03,11501538,299,298.99,299,0.00003334,58839.27475
10/3/2017,4:21:09,11501539,299,298.99,299,0.442,58839.27475
10/3/2017,4:21:41,11501540,299,298.99,299,8.5,58831.76841
10/3/2017,4:21:58,11501541,299,298.99,299,1.5,58831.76841
10/3/2017,4:22:02,11501542,299,298.99,299,0.00003334,58831.76841
10/3/2017,4:22:12,11501543,299,298.99,299,18.26,58831.76841
10/3/2017,4:22:43,11501544,299,298.99,298.99,1.216,58809.30103
10/3/2017,4:22:46,11501545,299,298.99,299,3.33447817,58809.30103
10/3/2017,4:23:02,11501546,299,298.99,299,0.00003334,58809.30103
10/3/2017,4:23:16,11501547,299,298.99,299,1.082,58790.56893
10/3/2017,4:23:20,11501548,299,298.99,299,9.00309106,58790.56893
10/3/2017,4:23:48,11501549,299,298.99,298.99,0.7555,58790.56893
10/3/2017,4:24:01,11501550,299,298.99,299,0.33344781,58793.62249
10/3/2017,4:24:02,11501551,299,298.99,299,0.00003334,58793.62249
10/3/2017,4:24:19,11501552,299,298.99,299,2.8653,58793.62249
10/3/2017,4:24:51,11501553,299,298.99,299,1.8264,58791.09644
10/3/2017,4:24:56,11501554,299,298.99,298.99,0.96466932,58791.09644
10/3/2017,4:25:02,11501555,299,298.99,299,0.00003334,58791.09644
10/3/2017,4:25:10,11501556,299,298.99,299,1.5,58791.09644
10/3/2017,4:25:22,11501557,299,298.99,299,0.9481,58791.09644
10/3/2017,4:25:26,11501558,299,298.99,299,0.00006668,58791.09644
10/3/2017,4:25:53,11501560,299,298.99,298.99,11.59288581,58793.08155
10/3/2017,4:26:02,11501561,299,298.99,299,0.00003334,58793.08155
10/3/2017,4:26:08,11501562,299,298.99,299,30.37146086,58793.08155
10/3/2017,4:26:24,11501563,299,298.99,299,1.135,58793.08155
10/3/2017,4:26:56,11501564,299,298.99,299,14.4592,58813.77237
10/3/2017,4:27:02,11501565,299,298.99,299,0.00003334,58813.77237
10/3/2017,4:27:27,11501566,299,298.99,299,4.1277,58831.33806
10/3/2017,4:27:58,11501567,299,298.99,299,1.574,58831.33806
10/3/2017,4:28:03,11501568,299,298.99,299,0.00003334,58831.33806
10/3/2017,4:28:30,11501569,299,298.99,299,4.5442,58837.66053
10/3/2017,4:29:02,11501571,299,298.99,299,0.00003334,58838.45962
10/3/2017,4:29:33,11501572,299,298.99,299,6.0994,58838.45962
10/3/2017,4:29:57,11501573,299,298.99,299,0.00416809,58839.18452
10/3/2017,4:30:00,11501574,299,298.99,299,0.00333447,58839.18452
10/3/2017,4:30:02,11501576,299,298.99,299,0.00023341,58839.18452
10/3/2017,4:30:03,11501577,299,298.99,299,0.00003334,58839.18452
10/3/2017,4:30:04,11501578,299,298.99,298.99,4.2341,58839.18452
10/3/2017,4:30:36,11501579,299,298.99,299,0.0499,58839.18452
10/3/2017,4:30:44,11501580,299,298.99,299,0.00666895,58802.01303
10/3/2017,4:30:48,11501581,299,298.99,299,0.00006668,58802.01303
10/3/2017,4:31:02,11501582,299,298.99,299,0.00003334,58802.01303
10/3/2017,4:31:07,11501583,299,298.99,299,4.9973,58802.01303
10/3/2017,4:31:39,11501584,299,298.99,299,1.9679,58786.30691
10/3/2017,4:32:03,11501585,299,298.99,299,0.00003334,58786.30691
10/3/2017,4:32:10,11501586,299,298.99,299,10,58786.30691
10/3/2017,4:32:42,11501587,299,298.99,299,3.5349,58784.88333
10/3/2017,4:33:03,11501588,299,298.99,299,0.00003334,58784.88333
10/3/2017,4:33:13,11501589,299,298.99,298.99,7.4721,58774.94293
10/3/2017,4:34:02,11501590,299,298.99,299,0.00003334,58785.78463
10/3/2017,4:34:15,11501591,299,298.99,299,1.0014,58785.78463
10/3/2017,4:34:32,11501592,299,298.99,299,0.20673764,58785.78463
10/3/2017,4:34:47,11501593,299,298.99,298.99,3.0799,58785.78463
10/3/2017,4:35:03,11501594,299,298.99,299,0.00003334,58783.14695
10/3/2017,4:35:18,11501595,299,298.99,298.99,0.2874,58783.14695
10/3/2017,4:35:26,11501596,299,298.99,299,0.00006668,58783.14695
10/3/2017,4:35:50,11501597,299,298.99,299,15.8448,58780.29298
10/3/2017,4:36:02,11501598,299,298.99,299,0.00003334,58780.29298
10/3/2017,4:36:02,11501599,299,298.99,299,0.00166723,58780.29298
10/3/2017,4:36:21,11501600,299,298.99,299,14.1552,58780.29298
10/3/2017,4:36:53,11501601,299,298.99,299,0.9878,58796.23819
10/3/2017,4:37:03,11501602,299,298.99,299,0.00003334,58796.23819
10/3/2017,4:37:09,11501603,299,298.99,298.99,30,58796.23819
10/3/2017,4:37:24,11501604,299,298.99,299,0.5249,58779.11707
10/3/2017,4:37:55,11501605,299,298.99,299,0.7634,58779.11707
10/3/2017,4:38:03,11501606,299,298.99,299,0.00003334,58779.11707
10/3/2017,4:38:14,11501607,299,298.99,298.99,0.7,58802.65837
10/3/2017,4:38:18,11501608,299,298.99,299,10,58802.65837
10/3/2017,4:38:26,11501609,299,298.99,299,3.2401,58802.65837
10/3/2017,4:38:58,11501610,299,298.99,298.99,0.0639,58802.65837
10/3/2017,4:39:02,11501611,299,298.99,299,0.00003334,58787.96752
10/3/2017,4:39:29,11501612,299,298.99,299,0.6723,58787.96752
10/3/2017,4:40:01,11501613,299,298.99,299,0.00333447,58782.27094
10/3/2017,4:40:02,11501614,299,298.99,299,0.00003334,58782.27094
10/3/2017,4:40:32,11501615,299,298.99,299,1.0099,58782.27094
10/3/2017,4:40:34,11501616,299,298.99,299,0.00006668,58782.27094
10/3/2017,4:41:03,11501618,299,298.99,299,0.00003334,58782.22687
10/3/2017,4:41:32,11501619,299,298.99,299,0.00416809,58745.65823
10/3/2017,4:41:34,11501620,299,298.99,299,4.5522,58745.65823
10/3/2017,4:42:02,11501621,299,298.99,299,0.00003334,58745.65823
10/3/2017,4:42:06,11501622,299,298.99,299,6.1434,58745.65823
10/3/2017,4:42:37,11501623,299,298.99,299,14.5515,58752.26593
10/3/2017,4:43:03,11501624,299,298.99,299,0.00003334,58752.26593
10/3/2017,4:43:09,11501625,299,298.99,299,1.0121,58768.85523
10/3/2017,4:43:40,11501626,299,298.99,299,1.3426,58768.85523
10/3/2017,4:44:02,11501627,299,298.99,299,0.00003334,58763.52141
10/3/2017,4:44:12,11501628,299,298.99,299,1.8769,58763.52141
10/3/2017,4:44:43,11501629,299,298.99,299,3.2091,58763.52141
10/3/2017,4:45:02,11501631,299,298.99,299,0.00003334,58766.36137
10/3/2017,4:45:14,11501632,299,298.99,299,0.0952,58766.36137
10/3/2017,4:45:33,11501633,299,298.99,299,0.00006668,58766.36137
10/3/2017,4:45:46,11501634,299,298.99,299,22.2527,58756.61157
10/3/2017,4:46:02,11501635,299,298.99,299,0.00003334,58756.61157
10/3/2017,4:46:17,11501636,299,298.99,298.99,9.0915,58756.61157
10/3/2017,4:46:49,11501637,299,298.99,299,2.5549,58754.66132
10/3/2017,4:47:03,11501638,299,298.99,299,0.00003334,58754.66132
10/3/2017,4:47:20,11501639,299,298.99,298.99,2.3465,58763.79235
10/3/2017,4:47:51,11501640,299,298.99,299,0.6596,58763.79235
10/3/2017,4:48:02,11501641,299,298.99,299,0.00003334,58763.79235
10/3/2017,4:48:23,11501642,299,298.99,299,10.3546,58755.17994
10/3/2017,4:48:27,11501643,299,298.99,298.99,12.88989932,58755.17994
10/3/2017,4:48:54,11501644,299,298.99,298.99,2.5388,58755.17994
10/3/2017,4:49:02,11501645,299,298.99,299,0.00003334,58770.23134
10/3/2017,4:49:25,11501646,299,298.99,299,0.0616,58770.23134
10/3/2017,4:49:56,11501647,299,298.99,299,3.5199,58757.87934
10/3/2017,4:50:00,11501648,299,298.99,299,0.00333447,58757.87934
10/3/2017,4:50:02,11501649,299,298.99,299,0.00003334,58757.87934
10/3/2017,4:50:28,11501650,299,298.99,299,2.8577,58757.87934
10/3/2017,4:50:34,11501651,299,298.99,299,0.00006668,58757.87934
10/3/2017,4:50:59,11501652,299,298.99,298.99,2.6033,58760.99312
10/3/2017,4:51:03,11501653,299,298.99,299,0.00003334,58760.99312
10/3/2017,4:51:04,11501654,299,298.99,299,0.37352824,58760.99312
10/3/2017,4:51:30,11501655,299,298.99,299,0.01063698,58759.97049
10/3/2017,4:52:02,11501657,299,298.99,299,0.00003334,58759.97049
10/3/2017,4:52:33,11501658,299,298.99,299,12.6932,58752.49589
10/3/2017,4:53:03,11501659,299,298.99,299,0.00003334,58752.49589
10/3/2017,4:53:05,11501660,299,298.99,299,14.3873,58752.49589
10/3/2017,4:53:08,11501661,299,298.99,299,3.80660693,58752.49589
10/3/2017,4:53:10,11501662,299,298.99,299,0.00416809,58769.57339
10/3/2017,4:53:16,11501671,299,298.99,298.99,21.60655251,58769.57339
10/3/2017,4:53:35,11501713,298.98,298.93,298.91,0.23560738,58769.57339
10/3/2017,4:53:36,11501716,298.92,298.91,298.92,0.248,58769.57339
10/3/2017,4:54:02,11501717,298.92,298.91,298.92,0.00003335,58976.12122
10/3/2017,4:54:08,11501718,298.92,298.91,298.91,9.8676,58976.12122
10/3/2017,4:54:39,11501719,298.92,298.91,298.92,0.9993,58976.12122
10/3/2017,4:55:02,11501720,298.92,298.91,298.92,0.00003335,59253.76079
10/3/2017,4:55:11,11501721,298.92,298.91,298.92,4.4682,59253.76079
10/3/2017,4:55:26,11501722,298.92,298.91,298.92,0.0000667,59253.76079
10/3/2017,4:55:42,11501723,298.92,298.91,298.91,4.7264,58973.68837
10/3/2017,4:56:02,11501724,298.92,298.91,298.92,0.00003335,58973.68837
10/3/2017,4:56:13,11501725,298.92,298.91,298.92,1.5236,58973.68837
10/3/2017,4:56:44,11501726,298.92,298.91,298.92,0.1598,58804.96122
10/3/2017,4:57:02,11501727,298.92,298.91,298.92,0.00003335,58804.96122
10/3/2017,4:57:16,11501728,298.92,298.91,298.91,0.5643,58804.96122
10/3/2017,4:57:38,11501729,298.92,298.91,298.92,0.4115489,58789.65095
10/3/2017,4:57:47,11501730,298.92,298.91,298.92,0.9433,58789.65095
10/3/2017,4:58:02,11501731,298.92,298.91,298.92,0.00003335,58789.65095
10/3/2017,4:58:07,11501732,298.92,298.91,298.92,1.067214,58789.65095
10/3/2017,4:58:18,11501733,298.92,298.91,298.91,2.6825,58779.86529
10/3/2017,4:58:49,11501734,298.92,298.91,298.92,0.06,58779.86529
10/3/2017,4:58:50,11501735,298.92,298.91,298.92,0.0857,58779.86529
10/3/2017,4:59:03,11501736,298.92,298.91,298.92,0.00003335,58783.24391
10/3/2017,4:59:21,11501737,298.92,298.91,298.92,5.9609,58783.24391
10/3/2017,4:59:52,11501738,298.92,298.91,298.91,18.844,58788.12941
10/3/2017,5:00:00,11501739,298.92,298.91,298.92,0.00333537,58788.12941
10/3/2017,5:00:03,11501741,298.92,298.91,298.92,0.00003335,58788.12941
10/3/2017,5:00:03,11501742,298.92,298.91,298.92,1,58788.12941
10/3/2017,5:00:24,11501750,298.92,298.91,298.92,5.41979854,58788.12941
10/3/2017,5:00:50,11501751,298.92,298.91,298.92,0.0000667,58804.8123
10/3/2017,5:00:55,11501752,298.92,298.91,298.92,0.1664,58804.8123
10/3/2017,5:01:02,11501753,298.92,298.91,298.92,0.00003335,58804.8123
10/3/2017,5:01:26,11501754,298.92,298.91,298.92,4.6368,58804.8123
10/3/2017,5:01:57,11501755,298.92,298.91,298.92,0.3382,58796.83517
10/3/2017,5:02:02,11501756,298.92,298.91,298.92,0.00003335,58796.83517
10/3/2017,5:02:28,11501757,298.92,298.91,298.92,5.6735,58293.61131
10/3/2017,5:03:00,11501758,298.92,298.91,298.92,2.0831,58293.61131
10/3/2017,5:03:02,11501759,298.92,298.91,298.92,0.00003335,58293.61131
10/3/2017,5:03:31,11501760,298.92,298.91,298.91,0.2489,58275.24543
10/3/2017,5:03:33,11501767,298.92,298.91,298.92,22.92381211,58275.24543
10/3/2017,5:04:02,11501768,298.92,298.91,298.92,0.00003335,58298.74771
10/3/2017,5:04:03,11501769,298.92,298.91,298.92,1.2583,58298.74771
10/3/2017,5:04:34,11501770,298.92,298.91,298.92,8.7005,58298.74771
10/3/2017,5:04:52,11501771,298.92,298.91,298.92,0.00416921,58292.37144
10/3/2017,5:05:02,11501772,298.92,298.91,298.92,0.00003335,58292.37144
10/3/2017,5:05:06,11501773,298.92,298.91,298.92,1.8796,58292.37144
10/3/2017,5:05:26,11501774,298.92,298.91,298.92,0.0000667,58292.37144
10/3/2017,5:05:37,11501775,298.92,298.91,298.92,6.5215,58292.37144
10/3/2017,5:06:02,11501777,298.92,298.91,298.92,0.00166768,58301.63471
10/3/2017,5:07:02,11501778,298.92,298.91,298.92,0.00003335,58296.41271
10/3/2017,5:07:09,11501779,298.92,298.91,298.92,1.56345495,58296.41271
10/3/2017,5:07:11,11501780,298.92,298.91,298.92,1.6471,58296.41271
10/3/2017,5:07:42,11501781,298.92,298.91,298.92,1.0731,58296.35352
10/3/2017,5:08:03,11501782,298.92,298.91,298.92,0.00003335,58296.35352
10/3/2017,5:08:09,11501783,298.92,298.91,298.92,6.67074115,58296.35352
10/3/2017,5:08:13,11501784,298.92,298.91,298.91,0.0581,58282.76314
10/3/2017,5:08:38,11501785,298.92,298.91,298.91,31.75359918,58282.76314
10/3/2017,5:08:44,11501786,298.92,298.91,298.91,0.655,58282.76314
10/3/2017,5:09:02,11501787,298.92,298.91,298.92,0.00003335,58285.77698
10/3/2017,5:09:15,11501788,298.92,298.91,298.92,1.4123,58285.77698
10/3/2017,5:09:47,11501789,298.92,298.91,298.92,1.3202,58285.77698
10/3/2017,5:10:02,11501791,298.92,298.91,298.92,0.00003335,58317.42158
10/3/2017,5:10:18,11501792,298.92,298.91,298.92,49.8645,58317.42158
10/3/2017,5:10:35,11501793,298.92,298.91,298.92,0.0000667,58317.42158
10/3/2017,5:10:50,11501794,298.92,298.91,298.92,1.0921,58367.3567
10/3/2017,5:11:02,11501795,298.92,298.91,298.92,0.00003335,58367.3567
10/3/2017,5:11:21,11501797,298.92,298.91,298.92,1.16128067,58367.3567
10/3/2017,5:11:52,11501798,298.92,298.91,298.92,17.6239,58354.2849
10/3/2017,5:12:03,11501799,298.92,298.91,298.92,0.00003335,58354.2849
10/3/2017,5:12:06,11501800,298.92,298.91,298.92,0.8958734,58354.2849
10/3/2017,5:12:23,11501802,298.92,298.91,298.92,5.26878742,58251.3082
10/3/2017,5:12:54,11501803,298.92,298.91,298.92,0.012,58251.3082
10/3/2017,5:13:02,11501804,298.92,298.91,298.92,0.00003335,58251.3082
10/3/2017,5:13:04,11501805,298.92,298.91,298.91,7.5,58251.3082
10/3/2017,5:13:26,11501806,298.92,298.91,298.91,31.6752,58254.36532
10/3/2017,5:13:57,11501807,298.92,298.91,298.91,0.7349,58254.36532
10/3/2017,5:14:03,11501808,298.92,298.91,298.92,0.00003335,58262.92623
10/3/2017,5:14:03,11501809,298.92,298.91,298.92,0.01667685,58262.92623
10/3/2017,5:14:26,11501810,298.92,298.91,298.91,0.01625616,58262.92623
10/3/2017,5:14:29,11501811,298.92,298.91,298.92,1.3291,58262.92623
10/3/2017,5:15:00,11501812,298.92,298.91,298.92,0.4725,58218.00605
10/3/2017,5:15:02,11501814,298.92,298.91,298.92,0.00023347,58218.00605
10/3/2017,5:15:31,11501815,298.92,298.91,298.92,0.0267,58218.00605
10/3/2017,5:15:32,11501816,298.92,298.91,298.92,0.0000667,58218.00605
10/3/2017,5:15:52,11501827,298.92,298.91,298.91,9.42512018,58167.66407
10/3/2017,5:16:03,11501855,298.88,298.87,298.87,0.63728176,58167.66407
10/3/2017,5:16:34,11501856,298.88,298.87,298.87,0.4742,58201.5495
10/3/2017,5:16:39,11501857,298.88,298.87,298.88,0.00416977,58201.5495
10/3/2017,5:16:41,11501858,298.88,298.87,298.88,5.000826,58201.5495
10/3/2017,5:17:02,11501859,298.88,298.87,298.88,0.00003335,58201.5495
10/3/2017,5:17:05,11501860,298.88,298.87,298.88,0.8248,58201.5495
10/3/2017,5:17:22,11501861,298.88,298.87,298.87,10,58221.77957
10/3/2017,5:17:36,11501862,298.88,298.87,298.88,1.0129,58221.77957
10/3/2017,5:17:44,11501869,298.88,298.87,298.88,1.11940763,58221.77957
10/3/2017,5:17:47,11501870,298.88,298.87,298.88,1.14190147,58221.77957
10/3/2017,5:18:01,11501871,298.88,298.87,298.87,2,58221.77957
10/3/2017,5:18:02,11501872,298.88,298.87,298.88,0.00003335,58221.77957
10/3/2017,5:18:08,11501874,298.88,298.87,298.88,2.85584245,58221.77957
10/3/2017,5:18:39,11501875,298.88,298.87,298.87,2.4386,58223.28277
10/3/2017,5:19:02,11501876,298.88,298.87,298.88,0.00003335,58201.12027
10/3/2017,5:19:06,11501877,298.88,298.87,298.87,2,58201.12027
10/3/2017,5:19:10,11501878,298.88,298.87,298.88,2.9616,58201.12027
10/3/2017,5:19:19,11501879,298.88,298.87,298.87,70.706681,58201.12027
10/3/2017,5:19:34,11501880,298.88,298.87,298.87,0.576992,58201.12027
10/3/2017,5:19:41,11501881,298.88,298.87,298.87,0.7018,58201.12027
10/3/2017,5:20:00,11501882,298.88,298.87,298.88,0.00333581,58275.70565
10/3/2017,5:20:03,11501883,298.88,298.87,298.88,0.00003335,58275.70565
10/3/2017,5:20:13,11501885,298.88,298.87,298.88,1.6844,58275.70565
10/3/2017,5:20:34,11501886,298.88,298.87,298.88,0.00006671,58275.70565
10/3/2017,5:20:44,11501889,298.88,298.87,298.88,2.10784394,57829.13224
10/3/2017,5:21:02,11501890,298.88,298.87,298.88,0.00003335,57829.13224
10/3/2017,5:21:43,11501891,298.88,298.87,298.87,73.426,57829.43524
10/3/2017,5:21:51,11501892,298.88,298.87,298.87,38.34184288,57829.43524
10/3/2017,5:21:52,11501893,298.88,298.87,298.88,0.30624606,57829.43524
10/3/2017,5:22:02,11501894,298.88,298.87,298.88,0.00003335,57829.43524
10/3/2017,5:22:13,11501895,298.88,298.87,298.87,0.04,57829.43524
10/3/2017,5:22:18,11501896,298.88,298.87,298.88,1.7194,57829.43524
10/3/2017,5:22:25,11501897,298.88,298.87,298.87,2.067216,57595.5227
10/3/2017,5:22:27,11501898,298.88,298.87,298.87,0.1468,57595.5227
10/3/2017,5:22:34,11501902,298.88,298.87,298.87,1.9914,57595.5227
10/3/2017,5:22:34,11501903,298.88,298.87,298.87,0.342827,57595.5227
10/3/2017,5:22:39,11501904,298.88,298.87,298.87,4.85745,57595.5227
10/3/2017,5:22:40,11501928,298.87,298.67,298.67,34.94537729,57595.5227
10/3/2017,5:22:41,11501931,298.68,298.67,298.67,16.94,57595.5227
10/3/2017,5:22:43,11501933,298.68,298.67,298.67,1.0907,57595.5227
10/3/2017,5:22:45,11501934,298.68,298.67,298.67,2.028839,57595.5227
10/3/2017,5:22:46,11501935,298.68,298.67,298.67,9.97555645,57595.5227
10/3/2017,5:22:49,11501936,298.68,298.67,298.67,2.5,57595.5227
10/3/2017,5:22:50,11501938,298.68,298.67,298.67,2.054,57595.5227
10/3/2017,5:23:01,11501939,298.68,298.67,298.67,0.21,57595.5227
10/3/2017,5:23:03,11501940,298.68,298.67,298.68,0.00003338,57595.5227
10/3/2017,5:23:04,11501944,298.68,298.67,298.67,0.03,57595.5227
10/3/2017,5:23:07,11501946,298.68,298.67,298.67,0.563406,57595.5227
10/3/2017,5:23:11,11501949,298.68,298.67,298.67,1.909437,57638.32969
10/3/2017,5:23:12,11501951,298.67,298.66,298.67,5.62793276,57638.32969
10/3/2017,5:23:14,11501975,298.63,298.54,298.47,0.02427,57638.32969
10/3/2017,5:23:21,11501978,298.55,298.54,298.55,2.0887,57638.32969
10/3/2017,5:23:27,11501983,298.49,298.44,298.46,0.01,57638.32969
10/3/2017,5:23:28,11501990,298.35,298.34,298.35,0.09250252,57638.32969
10/3/2017,5:23:29,11501996,298.29,298.26,298.28,0.01,57638.32969
10/3/2017,5:23:30,11501999,298.23,298.22,298.24,0.01,57638.32969
10/3/2017,5:23:35,11502018,298.06,298.05,298.05,2.82491175,57638.32969
10/3/2017,5:23:36,11502098,298.05,297.87,297.5,10.39195352,57638.32969
10/3/2017,5:23:38,11502100,297.55,297.5,297.52,0.01,57638.32969
10/3/2017,5:23:38,11502101,297.51,297.5,297.5,8.18231327,57638.32969
10/3/2017,5:23:52,11502102,297.51,297.5,297.51,0.3957,57638.32969
10/3/2017,5:23:59,11502104,297.51,297.5,297.5,0.252297,57702.10481
10/3/2017,5:24:02,11502105,297.51,297.5,297.51,0.00003351,57702.10481
10/3/2017,5:24:11,11502106,297.51,297.5,297.5,1.79809106,57702.10481
10/3/2017,5:24:23,11502107,297.51,297.5,297.51,0.5021,57702.10481
10/3/2017,5:24:55,11502108,297.51,297.5,297.5,3.3494,57866.09959
10/3/2017,5:25:02,11502109,297.51,297.5,297.51,0.00003351,57866.09959
10/3/2017,5:25:11,11502176,297.07,297.06,297.08,0.01,57866.09959
10/3/2017,5:25:13,11502226,296.75,296.74,296.75,0.5,57866.09959
10/3/2017,5:25:14,11502232,296.72,296.71,296.72,0.01,57866.09959
10/3/2017,5:25:16,11502250,296.59,296.58,296.59,0.1028,57866.09959
10/3/2017,5:25:16,11502253,296.58,296.57,296.58,7.886167,57866.09959
10/3/2017,5:25:18,11502260,296.57,296.56,296.57,0.838784,57866.09959
10/3/2017,5:25:19,11502262,296.57,296.56,296.57,0.1028,57866.09959
10/3/2017,5:25:22,11502267,296.57,296.56,296.57,1.599429,57866.09959
10/3/2017,5:25:23,11502270,296.57,296.56,296.57,0.0122,57866.09959
10/3/2017,5:25:26,11502272,296.57,296.56,296.57,4.13843,57866.09959
10/3/2017,5:25:27,11502273,296.57,296.56,296.57,3.82801422,57866.09959
10/3/2017,5:25:27,11502274,296.57,296.56,296.57,0.00006723,57866.09959
10/3/2017,5:25:45,11502275,296.57,296.56,296.56,5.01883837,58063.56063
10/3/2017,5:25:57,11502276,296.57,296.56,296.56,2.3556,58063.56063
10/3/2017,5:25:58,11502277,296.57,296.56,296.56,3,58063.56063
10/3/2017,5:26:02,11502278,296.57,296.56,296.57,0.00003361,58063.56063
10/3/2017,5:26:10,11502279,296.57,296.56,296.57,2.01428959,58063.56063
10/3/2017,5:26:12,11502286,296.57,296.56,296.57,1.02435736,58063.56063
10/3/2017,5:26:20,11502292,296.56,296.55,296.56,3.04126916,58063.56063
10/3/2017,5:26:29,11502294,296.56,296.55,296.56,0.2932,58063.56063
10/3/2017,5:26:34,11502299,296.55,296.54,296.55,6.12,58094.61868
10/3/2017,5:26:57,11502319,296.46,296.45,296.45,1.31621569,58094.61868
10/3/2017,5:27:02,11502321,296.46,296.45,296.46,0.00003363,58094.61868
10/3/2017,5:27:08,11502322,296.46,296.45,296.45,3,58094.61868
10/3/2017,5:27:33,11502323,296.46,296.45,296.45,13.1902,58128.82809
10/3/2017,5:27:34,11502324,296.46,296.45,296.46,1.00891416,58128.82809
10/3/2017,5:27:59,11502325,296.46,296.45,296.46,4.91004891,58128.82809
10/3/2017,5:28:02,11502326,296.46,296.45,296.46,0.00003363,58128.82809
10/3/2017,5:28:04,11502327,296.46,296.45,296.45,15.2846,58128.82809
10/3/2017,5:28:17,11502328,296.46,296.45,296.46,0.16815236,58189.24261
10/3/2017,5:28:29,11502329,296.46,296.45,296.46,0.0042038,58189.24261
10/3/2017,5:28:35,11502330,296.46,296.45,296.45,7.3771,58189.24261
10/3/2017,5:28:50,11502331,296.46,296.45,296.45,16,58189.24261
10/3/2017,5:29:03,11502333,296.46,296.45,296.46,0.00003363,58187.59148
10/3/2017,5:29:06,11502334,296.46,296.45,296.46,0.6271,58187.59148
10/3/2017,5:29:32,11502335,296.46,296.45,296.45,0.37192739,58187.59148
10/3/2017,5:29:34,11502336,296.46,296.45,296.45,49.54685,58187.59148
10/3/2017,5:29:38,11502337,296.46,296.45,296.45,9.984,58187.59148
10/3/2017,5:29:42,11502338,296.46,296.45,296.45,11.79432214,58187.59148
10/3/2017,5:30:01,11502339,296.46,296.45,296.46,0.00336304,58211.59658
10/3/2017,5:30:03,11502340,296.46,296.45,296.46,0.00023541,58211.59658
10/3/2017,5:30:03,11502341,296.46,296.45,296.46,0.00003363,58211.59658
10/3/2017,5:30:10,11502342,296.46,296.45,296.45,3.2359,58211.59658
10/3/2017,5:30:19,11502343,296.46,296.45,296.46,0.15133712,58211.59658
10/3/2017,5:30:32,11502344,296.46,296.45,296.45,15.666,58211.59658
10/3/2017,5:30:40,11502345,296.46,296.45,296.45,0.5272,58282.87273
10/3/2017,5:30:48,11502346,296.46,296.45,296.46,0.00006726,58282.87273
10/3/2017,5:30:52,11502347,296.46,296.45,296.45,4.4,58282.87273
10/3/2017,5:31:02,11502348,296.46,296.45,296.46,0.00003363,58282.87273
10/3/2017,5:31:11,11502349,296.46,296.45,296.46,5.2484,58282.87273
10/3/2017,5:31:28,11502350,296.46,296.45,296.45,10,58282.87273
10/3/2017,5:31:43,11502354,296.46,296.45,296.46,0.35435,58218.20502
10/3/2017,5:32:03,11502355,296.46,296.45,296.46,0.00003363,58218.20502
10/3/2017,5:32:14,11502356,296.46,296.45,296.46,0.3256,58218.20502
10/3/2017,5:32:23,11502357,296.46,296.45,296.46,6.7,58232.04388
10/3/2017,5:32:46,11502358,296.46,296.45,296.46,1.4018,58232.04388
10/3/2017,5:33:03,11502359,296.46,296.45,296.46,0.00003363,58232.04388
10/3/2017,5:33:17,11502360,296.46,296.45,296.45,1.7076,58233.69744
10/3/2017,5:33:33,11502365,296.46,296.45,296.46,15.20609454,58233.69744
10/3/2017,5:33:48,11502367,296.46,296.45,296.46,1.37880313,58233.69744
10/3/2017,5:34:02,11502368,296.46,296.45,296.46,0.00003363,58238.8079
10/3/2017,5:34:19,11502369,296.46,296.45,296.46,0.0465,58238.8079
10/3/2017,5:34:34,11502370,296.46,296.45,296.45,16.54237552,58238.8079
10/3/2017,5:34:41,11502371,296.46,296.45,296.45,6.524,58238.8079
10/3/2017,5:34:51,11502372,296.46,296.45,296.46,2.0136,58239.0763
10/3/2017,5:35:03,11502373,296.46,296.45,296.46,0.00003363,58239.0763
10/3/2017,5:35:07,11502374,296.46,296.45,296.46,1.00891416,58239.0763
10/3/2017,5:35:22,11502399,296.41,296.4,296.4,0.75770319,58239.0763
10/3/2017,5:35:25,11502400,296.41,296.4,296.41,0.00006727,58239.0763
10/3/2017,5:35:45,11502413,296.31,296.3,296.3,17.9965845,58241.82119
10/3/2017,5:35:53,11502415,296.31,296.3,296.3,1,58241.82119
10/3/2017,5:36:02,11502417,296.31,296.3,296.31,0.00003364,58241.82119
10/3/2017,5:36:05,11502431,296.21,296.2,296.2,1.1375344,58241.82119
10/3/2017,5:36:06,11502437,296.18,296.17,296.17,8.2610344,58241.82119
10/3/2017,5:36:13,11502463,296.01,296,296,1.45736638,58241.82119
10/3/2017,5:36:15,11502481,295.9,295.89,295.89,14.99838469,58241.82119
10/3/2017,5:36:19,11502506,295.71,295.7,295.7,3.98242593,58241.82119
10/3/2017,5:36:24,11502507,295.71,295.7,295.71,1.6453,58241.82119
10/3/2017,5:36:50,11502526,295.62,295.61,295.61,158.6145312,58332.72878
10/3/2017,5:36:55,11502527,295.62,295.61,295.61,0.7177,58332.72878
10/3/2017,5:37:03,11502528,295.62,295.61,295.62,0.00003372,58332.72878
10/3/2017,5:37:13,11502529,295.62,295.61,295.62,10.00314124,58332.72878
10/3/2017,5:37:26,11502530,295.62,295.61,295.61,2.1459,58434.91974
10/3/2017,5:37:58,11502531,295.62,295.61,295.62,1.3005,58434.91974
10/3/2017,5:37:58,11502532,295.62,295.61,295.61,0.36720038,58434.91974
10/3/2017,5:38:02,11502533,295.62,295.61,295.62,0.00003372,58434.91974
10/3/2017,5:38:18,11502536,295.62,295.61,295.62,1.19983372,58598.85803
10/3/2017,5:38:19,11502537,295.62,295.61,295.62,4.24785,58598.85803
10/3/2017,5:38:21,11502553,295.62,295.61,295.62,2.16475367,58598.85803
10/3/2017,5:38:29,11502554,295.62,295.61,295.62,2.7005,58598.85803
10/3/2017,5:38:32,11502558,295.63,295.62,295.62,7.99999972,58598.85803
10/3/2017,5:38:37,11502562,295.64,295.63,295.63,2.200534,58598.85803
10/3/2017,5:38:40,11502572,295.7,295.69,295.7,1.33508708,58598.85803
10/3/2017,5:39:00,11502573,295.7,295.69,295.7,2.5161,58648.15859
10/3/2017,5:39:02,11502574,295.7,295.69,295.7,0.00003371,58648.15859
10/3/2017,5:39:28,11502575,295.7,295.69,295.7,6.74338162,58648.15859
10/3/2017,5:39:31,11502576,295.7,295.69,295.7,2.3282,58648.15859
10/3/2017,5:40:01,11502577,295.7,295.69,295.7,0.00337169,58651.06291
10/3/2017,5:40:03,11502579,295.7,295.69,295.7,4.0309,58651.06291
10/3/2017,5:40:24,11502580,295.7,295.69,295.7,0.00421461,58651.06291
10/3/2017,5:40:31,11502581,295.7,295.69,295.69,1.44736702,58651.06291
10/3/2017,5:40:34,11502583,295.7,295.69,295.7,0.00006743,58651.06291
10/3/2017,5:41:02,11502584,295.7,295.69,295.7,0.00003371,58655.60365
10/3/2017,5:41:05,11502585,295.7,295.69,295.7,0.2267,58655.60365
10/3/2017,5:41:36,11502588,295.7,295.69,295.69,20.88391322,58651.8539
10/3/2017,5:42:03,11502589,295.7,295.69,295.7,0.00003371,58651.8539
10/3/2017,5:42:08,11502590,295.7,295.69,295.7,2.0955,58651.8539
10/3/2017,5:42:39,11502602,295.64,295.63,295.65,15.04555382,58654.90876
10/3/2017,5:42:55,11502617,295.56,295.55,295.55,0.03282867,58654.90876
10/3/2017,5:43:02,11502618,295.56,295.55,295.56,0.00003373,58654.90876
10/3/2017,5:43:10,11502623,295.55,295.54,295.54,89.58197202,58654.90876
10/3/2017,5:43:13,11502624,295.55,295.54,295.55,8.36603706,58805.3459
10/3/2017,5:43:41,11502625,295.55,295.54,295.54,81.2319,58805.3459
10/3/2017,5:44:02,11502626,295.55,295.54,295.55,0.00003373,58994.33274
10/3/2017,5:44:12,11502627,295.55,295.54,295.55,0.7016,58994.33274
10/3/2017,5:44:36,11502628,295.55,295.54,295.55,0.06746804,58994.33274
10/3/2017,5:44:43,11502629,295.55,295.54,295.54,0.5748,58994.33274
10/3/2017,5:45:03,11502632,295.55,295.54,295.54,29.166429,59071.1321
10/3/2017,5:45:08,11502634,295.55,295.54,295.54,212.6884113,59071.1321
10/3/2017,5:45:10,11502635,295.55,295.54,295.54,1.142577,59071.1321
10/3/2017,5:45:10,11502636,295.55,295.54,295.54,5.865,59071.1321
10/3/2017,5:45:14,11502637,295.55,295.54,295.54,0.3653,59071.1321
10/3/2017,5:45:28,11502639,295.55,295.54,295.54,8.312,59071.1321
10/3/2017,5:45:30,11502640,295.55,295.54,295.54,49.875438,59071.1321
10/3/2017,5:45:32,11502642,295.55,295.54,295.54,75.524,59071.1321
10/3/2017,5:45:34,11502644,295.55,295.54,295.54,0.16233,59071.1321
10/3/2017,5:45:35,11502645,295.55,295.54,295.54,1,59071.1321
10/3/2017,5:45:39,11502646,295.55,295.54,295.54,1.01,59071.1321
10/3/2017,5:45:41,11502656,295.55,295.54,295.54,5.893882,59071.1321
10/3/2017,5:45:42,11502657,295.55,295.54,295.54,2.718294,59116.25811
10/3/2017,5:45:44,11502670,295.55,295.54,295.54,1.177105,59116.25811
10/3/2017,5:45:45,11502674,295.55,295.54,295.54,12,59116.25811
10/3/2017,5:45:46,11502676,295.55,295.54,295.54,16.152736,59116.25811
10/3/2017,5:45:49,11502681,295.55,295.54,295.54,1.71993,59116.25811
10/3/2017,5:45:50,11502685,295.55,295.54,295.54,0.0249,59116.25811
10/3/2017,5:45:50,11502729,295.37,295.2,295.2,5.75319892,59116.25811
10/3/2017,5:45:53,11502730,295.21,295.2,295.2,0.6661,59116.25811
10/3/2017,5:45:57,11502739,295.19,295.1,295.1,6.34088892,59116.25811
10/3/2017,5:46:00,11502740,295.11,295.1,295.1,1.02,59116.25811
10/3/2017,5:46:03,11502743,295.11,295.1,295.1,0.36088892,59116.25811
10/3/2017,5:46:08,11502795,295.05,295,295,17.99978,59116.25811
10/3/2017,5:46:12,11502796,295.01,295,295,0.6661,59116.25811
10/3/2017,5:46:18,11502797,295.01,295,295,10.8351,59116.25811
10/3/2017,5:46:32,11502798,295.01,295,295,0.6661,59651.16969
10/3/2017,5:46:34,11502807,295.01,295,295,0.57295457,59651.16969
10/3/2017,5:46:36,11502808,295.01,295,295,0.0887634,59651.16969
10/3/2017,5:46:37,11502816,295.01,295,295,5.21646285,59651.16969
10/3/2017,5:46:47,11502819,295.01,295,295,3.16311656,59651.16969
10/3/2017,5:46:47,11502820,295.01,295,295,5.000836,59651.16969
10/3/2017,5:46:50,11502823,295.01,295,295,0.48279356,59651.16969
10/3/2017,5:46:53,11502838,294.91,294.9,294.9,3.71124468,59651.16969
10/3/2017,5:46:56,11502839,294.91,294.9,294.9,2.35904231,59651.16969
10/3/2017,5:46:58,11502840,294.91,294.9,294.9,27.1016,59651.16969
10/3/2017,5:47:02,11502842,294.91,294.9,294.9,3,59651.16969
10/3/2017,5:47:08,11502843,294.91,294.9,294.9,16,59651.16969
10/3/2017,5:47:10,11502844,294.91,294.9,294.9,2.273624,59651.16969
10/3/2017,5:47:12,11502845,294.91,294.9,294.9,0.50747613,59651.16969
10/3/2017,5:47:14,11502846,294.91,294.9,294.9,0.348582,59651.16969
10/3/2017,5:47:20,11502847,294.91,294.9,294.9,0.82988,60006.64056
10/3/2017,5:47:21,11502848,294.91,294.9,294.91,1.4537,60006.64056
10/3/2017,5:47:26,11502850,294.91,294.9,294.9,24.182588,60006.64056
10/3/2017,5:47:27,11502851,294.91,294.9,294.9,0.43,60006.64056
10/3/2017,5:47:32,11502853,294.91,294.9,294.9,2.9386874,60006.64056
10/3/2017,5:47:37,11502854,294.91,294.9,294.9,13.376943,60006.64056
10/3/2017,5:47:53,11502856,294.91,294.9,294.9,7.760802,60006.64056
10/3/2017,5:48:01,11502857,294.91,294.9,294.9,5.505314,60006.64056
10/3/2017,5:48:03,11502858,294.91,294.9,294.91,0.0000338,60006.64056
10/3/2017,5:48:03,11502859,294.91,294.9,294.9,5,60006.64056
10/3/2017,5:48:14,11502866,294.91,294.9,294.9,3.600793,60121.46377
10/3/2017,5:48:17,11502883,294.83,294.74,294.74,0.00954539,60121.46377
10/3/2017,5:48:20,11502884,294.75,294.74,294.74,4.998224,60121.46377
10/3/2017,5:48:24,11502886,294.73,294.72,294.72,1.379362,60121.46377
10/3/2017,5:48:55,11502890,294.73,294.72,294.73,4.152872,60121.46377
10/3/2017,5:49:02,11502891,294.73,294.72,294.73,0.00003382,60199.3563
10/3/2017,5:49:26,11502893,294.73,294.72,294.73,0.98611182,60199.3563
10/3/2017,5:49:50,11502895,294.73,294.72,294.73,0.02,60199.3563
10/3/2017,5:49:58,11502916,294.9,294.75,294.91,1.18205527,60199.7266
10/3/2017,5:50:00,11502917,294.89,294.74,294.89,0.00338095,60199.7266
10/3/2017,5:50:02,11502918,294.77,294.74,294.77,0.00003382,60199.7266
10/3/2017,5:50:06,11502920,294.76,294.75,294.76,0.00745938,60199.7266
10/3/2017,5:50:29,11502925,294.76,294.74,294.74,4.55285064,60199.7266
10/3/2017,5:50:36,11502926,294.75,294.74,294.75,0.00006765,60199.7266
10/3/2017,5:51:00,11502929,294.75,294.74,294.75,5.49090247,60198.70258
10/3/2017,5:51:02,11502930,294.75,294.74,294.75,0.00003382,60198.70258
10/3/2017,5:51:15,11502931,294.75,294.74,294.75,4.22823133,60198.70258
10/3/2017,5:51:20,11502935,294.75,294.74,294.74,11.95279438,60198.70258
10/3/2017,5:51:26,11502936,294.75,294.74,294.74,0.669022,60198.70258
10/3/2017,5:51:31,11502937,294.74,294.73,294.75,1.2201,60214.17055
10/3/2017,5:52:03,11502939,294.74,294.73,294.74,0.00003382,60214.17055
10/3/2017,5:52:04,11502940,294.74,294.73,294.74,0.03012822,60214.17055
10/3/2017,5:52:23,11502943,294.74,294.73,294.74,0.54601367,60239.07425
10/3/2017,5:52:33,11502945,294.74,294.73,294.74,0.65361367,60239.07425
10/3/2017,5:53:02,11502946,294.74,294.73,294.74,0.00003382,60239.07425
10/3/2017,5:53:05,11502947,294.74,294.73,294.74,3.9437,60239.07425
10/3/2017,5:53:12,11502948,294.74,294.73,294.73,0.02,60242.51753
10/3/2017,5:53:36,11502949,294.74,294.73,294.74,2.6614,60242.51753
10/3/2017,5:54:03,11502950,294.74,294.73,294.74,0.00003382,60245.38523
10/3/2017,5:54:07,11502951,294.74,294.73,294.74,3.5249,60245.38523
10/3/2017,5:54:38,11502959,294.75,294.74,294.75,0.51597784,60245.38523
10/3/2017,5:54:40,11502960,294.75,294.74,294.75,0.02,60245.38523
10/3/2017,5:54:45,11502993,295.16,294.89,295.18,51.34161442,60245.38523
10/3/2017,5:55:02,11502994,295.15,295.14,295.15,0.00003377,60244.57481
10/3/2017,5:55:09,11502995,295.15,295.14,295.14,0.1826,60244.57481
10/3/2017,5:55:13,11502996,295.15,295.14,295.14,0.1,60244.57481
10/3/2017,5:55:26,11502997,295.15,295.14,295.15,0.00006755,60244.57481
10/3/2017,5:55:41,11503005,295.15,295.14,295.14,4.57763004,60351.95838
10/3/2017,5:56:02,11503008,295.14,295.13,295.13,5.357848,60351.95838
10/3/2017,5:56:03,11503009,295.14,295.13,295.14,0.00003378,60351.95838
10/3/2017,5:56:12,11503035,295.2,295.15,295.28,3.22309486,60351.95838
10/3/2017,5:56:15,11503048,295.46,295.14,295.47,33.45025449,60351.95838
10/3/2017,5:56:43,11503054,295.37,295.36,295.37,0.954341,60364.36021
10/3/2017,5:57:01,11503055,295.37,295.36,295.36,20.368357,60364.36021
10/3/2017,5:57:02,11503056,295.37,295.36,295.37,0.00003375,60364.36021
10/3/2017,5:57:15,11503065,295.37,295.36,295.36,2.5965,60364.36021
10/3/2017,5:57:15,11503069,295.37,295.36,295.37,0.27405644,60364.36021
10/3/2017,5:57:46,11503070,295.37,295.36,295.36,5.5085,60436.54404
10/3/2017,5:57:51,11503072,295.37,295.36,295.37,0.04552461,60436.54404
10/3/2017,5:58:00,11503074,295.37,295.36,295.37,0.78938906,60436.54404
10/3/2017,5:58:02,11503075,295.37,295.36,295.37,0.00003375,60436.54404
10/3/2017,5:58:17,11503107,295.54,295.41,295.55,15.02512293,60454.08439
10/3/2017,5:58:20,11503108,295.54,295.53,295.54,1.68675809,60454.08439
10/3/2017,5:58:48,11503110,295.54,295.53,295.54,9.711971,60454.08439
10/3/2017,5:58:52,11503111,295.54,295.53,295.54,3.37351618,60454.08439
10/3/2017,5:59:02,11503112,295.54,295.53,295.54,0.00003373,60492.70859
10/3/2017,5:59:13,11503113,295.54,295.53,295.54,1.01205485,60492.70859
10/3/2017,5:59:15,11503114,295.54,295.53,295.54,6.57150832,60492.70859
10/3/2017,5:59:18,11503115,295.54,295.53,295.54,23.61461328,60492.70859
10/3/2017,5:59:20,11503131,295.53,295.52,295.36,0.61553508,60492.70859
10/3/2017,5:59:27,11503132,295.53,295.52,295.53,1.00871547,60492.70859
10/3/2017,5:59:51,11503133,295.53,295.52,295.53,0.9377,60529.01969
10/3/2017,6:00:01,11503134,295.53,295.52,295.53,0.00337363,60529.01969
10/3/2017,6:00:02,11503136,295.53,295.52,295.53,0.00003373,60529.01969
10/3/2017,6:00:14,11503137,295.53,295.52,295.53,2.02144556,60529.01969
10/3/2017,6:00:23,11503138,295.53,295.52,295.53,1.0723,60529.01969
10/3/2017,6:00:33,11503153,295.53,295.33,295.33,0.0089078,60529.01969
10/3/2017,6:00:43,11503155,295.34,295.33,295.33,0.0099078,60533.77032
